@article{Eom2015,
    title = {{The impact of near-term climate policy choices on technology and emission transition pathways}},
    year = {2015},
    journal = {Technological Forecasting and Social Change},
    author = {Eom, Jiyong and Edmonds, Jae and Krey, Volker and Johnson, Nils and Longden, Thomas and Luderer, Gunnar and Riahi, Keywan and Van Vuuren, Detlef P.},
    pages = {73--88},
    volume = {90},
    publisher = {Elsevier Inc.},
    url = {http://linkinghub.elsevier.com/retrieve/pii/S0040162513002540},
    doi = {10.1016/j.techfore.2013.09.017},
    issn = {00401625},
    keywords = {Emission pathway, Near-term climate policy, Technology deployment, Technology upscaling, near-term climate policy, technology deployment}
}

@article{Rogelj2013,
    title = {{Probabilistic cost estimates for climate change mitigation.}},
    year = {2013},
    journal = {Nature},
    author = {Rogelj, Joeri and McCollum, David L and Reisinger, Andy and Meinshausen, Malte and Riahi, Keywan},
    number = {7430},
    pages = {79--83},
    volume = {493},
    publisher = {Nature Publishing Group},
    url = {http://www.ncbi.nlm.nih.gov/pubmed/23282364},
    isbn = {0028-0836},
    doi = {10.1038/nature11787},
    issn = {1476-4687},
    pmid = {23282364},
    keywords = {Conservation of Energy Resources, Conservation of Energy Resources: methods, Conservation of Energy Resources: trends, Global Warming, Global Warming: economics, Global Warming: prevention {\&} control, Models, Theoretical, Politics, Probability, Temperature, Uncertainty}
}

@article{Azar2013,
    title = {{Meeting global temperature targets—the role of bioenergy with carbon capture and storage}},
    year = {2013},
    journal = {Environmental Research Letters},
    author = {Azar, Christian and Johansson, Daniel J a and Mattsson, Niclas},
    number = {3},
    pages = {034004},
    volume = {8},
    url = {http://www.scopus.com/inward/record.url?eid=2-s2.0-84885643388&partnerID=tZOtx3y1},
    isbn = {1748-9326},
    doi = {10.1088/1748-9326/8/3/034004},
    issn = {1748-9326},
    keywords = {034004, 8, available from stacks, climate change, energy systems, erl, integrated assessment models, iop, mmedia, negative emissions, org, s online supplementary data}
}

@article{Bertram2015,
    title = {{Complementing carbon prices with technology policies to keep climate targets within reach}},
    year = {2015},
    journal = {Nature Climate Change},
    author = {Bertram, Christoph and Luderer, Gunnar and Pietzcker, Robert C. and Schmid, Eva and Kriegler, Elmar and Edenhofer, Ottmar},
    number = {3},
    pages = {235--239},
    volume = {5},
    url = {http://www.nature.com/doifinder/10.1038/nclimate2514},
    doi = {10.1038/nclimate2514},
    issn = {1758-678X}
}

@article{IPCC2014,
    title = {{Climate Change 2014 Synthesis Report Summary Chapter for Policymakers}},
    year = {2014},
    journal = {Ipcc},
    author = {{IPCC}},
    pages = {31},
    isbn = {9781107661820},
    doi = {10.1017/CBO9781107415324},
    issn = {1476-4687},
    pmid = {17429376},
    arxivId = {arXiv:1011.1669v3},
    keywords = {Climate change}
}

@article{Rosen2015,
    title = {{The economics of mitigating climate change: What can we know?}},
    year = {2015},
    journal = {Technological Forecasting and Social Change},
    author = {Rosen, Richard A. and Guenther, Edeltraud},
    pages = {93--106},
    volume = {91},
    publisher = {The Authors},
    url = {http://linkinghub.elsevier.com/retrieve/pii/S0040162514000468},
    doi = {10.1016/j.techfore.2014.01.013},
    issn = {00401625},
    keywords = {Climate change, Economics, Energy efficiency, Mitigation, Technological change, Uncertainty}
}

@article{Peng,
    title = {{Reproducible Research in Computational Science}},
    year = {2011},
    journal = {Science},
    author = {Peng, Roger D},
    number = {6060},
    pages = {1226--1227},
    volume = {334},
    url = {http://www.sciencemag.org/content/334/6060/1226.abstract},
    doi = {10.1126/science.1213847}
}

@article{Blei2003,
    title = {{Latent Dirichlet Allocation}},
    year = {2003},
    journal = {Journal of Machine Learning Research},
    author = {Blei, David M and Ng, Andrew Y and Jordan, Michael I},
    pages = {993--1022},
    volume = {3},
    url = {http://www.crossref.org/deleted_DOI.html},
    isbn = {9781577352815},
    doi = {10.1162/jmlr.2003.3.4-5.993},
    issn = {0003-6951},
    pmid = {21362469},
    arxivId = {1111.6189v1},
    keywords = {lda, topic model}
}

@article{Pecina1978,
    title = {{Observation of the sporadic background in Nov. 1974}},
    year = {1978},
    journal = {Bulletin of the Astronomical Institutes of Czecheslovakia},
    author = {Pecina, P.},
    number = {6},
    volume = {29},
    isbn = {9781617796029},
    doi = {10.1002/2014GB005021},
    issn = {09226389},
    pmid = {8190083},
    arxivId = {1512.00567}
}

@article{Blei2012,
    title = {{Probabilistic topic models}},
    year = {2012},
    journal = {Communications of the ACM},
    author = {Blei, David and Carin, Lawrence and Dunson, David},
    number = {4},
    pages = {77--84},
    volume = {55},
    isbn = {0805854185},
    doi = {10.1109/MSP.2010.938079},
    issn = {10535888},
    pmid = {7789277},
    arxivId = {1003.4916}
}

@article{Kajikawa2007,
    title = {{Creating an academic landscape of sustainability science: An analysis of the citation network}},
    year = {2007},
    journal = {Sustainability Science},
    author = {Kajikawa, Yuya and Ohno, Junko and Takeda, Yoshiyuki and Matsushima, Katsumori and Komiyama, Hiroshi},
    number = {2},
    pages = {221--231},
    volume = {2},
    isbn = {1162500700},
    doi = {10.1007/s11625-007-0027-8},
    issn = {18624065},
    keywords = {Citation network, Network analysis, Overview map, Research on research, Sustainability science}
}

@article{Statistics,
    title = {{Think Bayes}},
    author = {Statistics, Bayesian and Simple, Made},
    isbn = {978-1449370787}
}

@article{Hellsten2015,
    title = {{The construction of interdisciplinarity: The development of the knowledge base and programmatic focus of the journal C limatic   C hange , 1977-2013}},
    year = {2015},
    journal = {Journal of the Association for Information Science and Technology},
    author = {Hellsten, Iina and Leydesdorff, Loet},
    pages = {n/a-n/a},
    url = {http://doi.wiley.com/10.1002/asi.23528},
    doi = {10.1002/asi.23528},
    issn = {23301635}
}

@article{Ford2011,
    title = {{A systematic review of observed climate change adaptation in developed nations}},
    year = {2011},
    journal = {Climatic Change},
    author = {Ford, James D. and Berrang-Ford, Lea and Paterson, Jaclyn},
    number = {2},
    pages = {327--336},
    volume = {106},
    isbn = {0165-0009 1573-1480},
    doi = {10.1007/s10584-011-0045-5},
    issn = {01650009}
}

@article{Belter2013,
    title = {{A bibliometric analysis of climate engineering research}},
    year = {2013},
    journal = {Wiley Interdisciplinary Reviews: Climate Change},
    author = {Belter, Christopher W. and Seidel, Dian J.},
    number = {5},
    pages = {417--427},
    volume = {4},
    isbn = {1757-7799},
    doi = {10.1002/wcc.229},
    issn = {17577780}
}

@article{Maiya2014,
    title = {{Topic Similarity Networks: Visual Analytics for Large Document Sets}},
    year = {2014},
    author = {Maiya, Arun S and Rolfe, Robert M},
    arxivId = {arXiv:1409.7591v1}
}

@article{Hornik2011,
    title = {{topicmodels: An R package for fitting topic models}},
    year = {2011},
    journal = {Journal of Statistical Software},
    author = {Hornik, K and Gr{\"{u}}n, B},
    url = {http://epub.wu.ac.at/3987/},
    isbn = {1548-7660},
    keywords = {gibbs sampling, r, text analysis, topic model, variational em}
}

@article{VanEck2010,
    title = {{Software survey: VOSviewer, a computer program for bibliometric mapping}},
    year = {2010},
    journal = {Scientometrics},
    author = {van Eck, Nees Jan and Waltman, Ludo},
    number = {2},
    pages = {523--538},
    volume = {84},
    isbn = {2175-1935},
    doi = {10.1007/s11192-009-0146-3},
    issn = {01389130},
    pmid = {20585380},
    keywords = {Bibliometric mapping, Journal co-citation analysis, Science mapping, VOS, VOSviewer, Visualization}
}

@article{Chuang2012,
    title = {{Termite}},
    year = {2012},
    journal = {Proceedings of the International Working Conference on Advanced Visual Interfaces - AVI '12},
    author = {Chuang, Jason and Manning, Christopher D. and Heer, Jeffrey},
    pages = {74},
    url = {http://dl.acm.org/citation.cfm?doid=2254556.2254572},
    isbn = {9781450312875},
    doi = {10.1145/2254556.2254572},
    keywords = {seriation, text visualization, topic models}
}

@article{Chaney2012,
    title = {{Visualizing Topic Models.}},
    year = {2012},
    journal = {Icwsm},
    author = {Chaney, Ajb and Blei, Dm},
    pages = {419--422},
    isbn = {9781577355564},
    keywords = {Short Papers}
}

@article{Bjurstrm2011,
    title = {{Physical and economic bias in climate change research: A scientometric study of IPCC Third Assessment Report}},
    year = {2011},
    journal = {Climatic Change},
    author = {Bjurstr??m, Andreas and Polk, Merritt},
    number = {1},
    pages = {1--22},
    volume = {108},
    isbn = {0165-0009},
    doi = {10.1007/s10584-011-0018-8},
    issn = {01650009}
}

@article{Blei2007,
    title = {{A correlated topic model of Science}},
    year = {2007},
    journal = {The Annals of Applied Statistics},
    author = {Blei, David M. and Lafferty, John D.},
    number = {1},
    pages = {17--35},
    volume = {1},
    url = {http://arxiv.org/abs/0712.1486},
    isbn = {1595933832},
    doi = {10.1214/07-AOAS136},
    issn = {1932-6157},
    arxivId = {0712.1486}
}

@article{Cohen2012,
    title = {{Conversations}},
    year = {2012},
    journal = {Journal of Digital Humanities},
    author = {Cohen, Daniel J and Troyano, Joan Fragaszy and Hoffman, Sasha and Editor, Associate and Wieringa, Jeri and Editor, Associate and Meeks, Elijah and Weingart, Scott and Editors, Guest and Rosenzweig, R O Y and Media, N E W},
    number = {1},
    volume = {2},
    doi = {10.1089/jpm.2013.0563},
    issn = {1557-7740},
    pmid = {25153044}
}

@article{Qian2015,
    title = {{Recent advances in utilization of biochar}},
    year = {2015},
    journal = {Renewable and Sustainable Energy Reviews},
    author = {Qian, Kezhen and Kumar, Ajay and Zhang, Hailin and Bellmer, Danielle and Huhnke, Raymond},
    number = {February},
    pages = {1055--1064},
    volume = {42},
    isbn = {1364-0321},
    doi = {10.1016/j.rser.2014.10.074},
    issn = {13640321},
    keywords = {Adsorbent, Biochar, Biochar application, Biochar-based catalyst, Char}
}

@article{C.G.vanSteen2007,
    title = {{Revised fields of science and technology (FOS) in the Frascati Manual}},
    year = {2007},
    journal = {Ocde},
    author = {C. G. van Steen, Jan},
    number = {2006},
    pages = {12},
    isbn = {92-64-19903-9}
}

@article{Bornmann2015,
    title = {{Growth Rates of Modern Science : A Bibliometric Analysis Based on the Number of Publications and Cited References}},
    year = {2015},
    author = {Bornmann, Lutz},
    pages = {1--28},
    doi = {10.1002/asi}
}

@article{Bhadury2016,
    title = {{Scaling up Dynamic Topic Models}},
    year = {2016},
    author = {Bhadury, Arnab and Chen, Jianfei and Zhu, Jun and Liu, Shixia},
    pages = {381--390},
    isbn = {9781450341431},
    doi = {10.1145/2872427.2883046},
    arxivId = {1602.06049},
    keywords = {Dynamic Topic Model, Experimentation, General Terms Algorithms, Large Scale Machine Learning, MCMC, MPI, Parallel Computing, Performance Keywords Topic Model}
}

@article{Gao,
    title = {{Tracking and Connecting Topics via Incremental Hierarchical Dirichlet Processes}},
    author = {Gao, Zekai J and Song, Yangqiu and Liu, Shixia and Wang, Haixun and Cui, Weiwei and Wei, Hao and Chen, Yang},
    keywords = {-Hierarchical Dirichlet processes, Clustering, Incremental Gibbs Sampling, Mixture models}
}

@article{Snilstveit2013,
    title = {{Evidence Gap Maps: A Tool for Promoting Evidence-Informed Policy and Prioritizing Future Research}},
    year = {2013},
    journal = {The World Bank Independent Evaluation Group},
    author = {Snilstveit, B and Vojtkova, M and Bhavsar, A and Gaarder, M},
    number = {December},
    pages = {1--34},
    volume = {Policy Res},
    url = {https://openknowledge.worldbank.org/handle/10986/16941},
    keywords = {development effectiveness, evaluation, evidence-informed policy, gap maps, intervention effectiveness, knowledge translation, research prioritisation, systematic reviews}
}

@article{McKinnon2015,
    title = {{Sustainability: Map the evidence}},
    year = {2015},
    journal = {Nature},
    author = {McKinnon, Madeleine C. and Cheng, Samantha H. and Garside, Ruth and Masuda, Yuta J. and Miller, Daniel C.},
    number = {7581},
    pages = {185--187},
    volume = {528},
    url = {http://www.nature.com/news/sustainability-map-the-evidence-1.18962},
    doi = {10.1038/528185a}
}

@article{Blei2006,
    title = {{Dynamic Topic Models}},
    year = {2006},
    journal = {International Conference on Machine Learning},
    author = {Blei, David M and Lafferty, John D},
    pages = {113–120},
    isbn = {1595933832},
    doi = {10.1145/1143844.1143859},
    issn = {1932-6157},
    pmid = {9013932},
    arxivId = {arXiv:0712.1486v1}
}

@article{Hoffman2010,
    title = {{Online learning for latent dirichlet allocation}},
    year = {2010},
    journal = {Nips},
    author = {Hoffman, MD and Blei, DM and Bach, Francis},
    pages = {1--9},
    url = {http://videolectures.net/site/normal_dl/tag=83534/nips2010_1291.pdf},
    isbn = {9781450300551},
    doi = {10.1.1.187.1883},
    issn = {08912017}
}

@article{Blei2004,
    title = {{Hierarchical topic models and the nested Chinese restaurant process}},
    year = {2004},
    journal = {Advances in neural information processing systems},
    author = {Blei, David M. and Griffiths, T.L. and Jordan, M.I. and Tenenbaum, J.B.},
    pages = {106},
    volume = {16},
    url = {http://scholar.google.com/scholar?hl=en&btnG=Search&q=intitle:Hierarchical+Topic+Models+and+the+Nested+Chinese+Restaurant+Process#0},
    isbn = {0262201526},
    doi = {10.1016/0169-023X(89)90004-9},
    issn = {0169023X},
    pmid = {25122015},
    arxivId = {arXiv:0710.0845v2}
}

@article{Bagozzi2015,
    title = {{The multifaceted nature of global climate change negotiations}},
    year = {2015},
    journal = {Review of International Organizations},
    author = {Bagozzi, Benjamin E.},
    number = {4},
    pages = {439--464},
    volume = {10},
    doi = {10.1007/s11558-014-9211-7},
    issn = {15597431},
    keywords = {Climate change, International cooperation, UNFCCC}
}

@article{Saha2012,
    title = {{Learning Evolving and Emerging Topics in Social Media : A Dynamic NMF approach with Temporal Regularization}},
    year = {2012},
    journal = {Acm Icwsdm},
    author = {Saha, Ankan},
    pages = {693--702},
    isbn = {9781450307475},
    doi = {10.1145/2124295.2124376},
    keywords = {Dictionary Learning, NMF, Time Series Analysis, Topic Models}
}

@article{Yu2014,
    title = {{A Scalable Asynchronous Distributed Algorithm for Topic Modeling}},
    year = {2014},
    journal = {Www},
    author = {Yu, Hsiang-Fu and Hsieh, Cho-Jui and Yun, Hyokun and Vishwanathan, S. V. N and Dhillon, Inderjit S.},
    pages = {1--20},
    url = {http://arxiv.org/abs/1412.4986},
    isbn = {9781450334693},
    arxivId = {1412.4986},
    keywords = {sampling, scalability, topic models}
}

@article{Celikyilmaz2010,
    title = {{A Hybrid Hierarchical Model for Multi-Document Summarization}},
    year = {2010},
    journal = {Proceedings of the 48th Annual Meeting of the Association for Computational Linguistics (ACL'10)},
    author = {Celikyilmaz, Asli and Hakkani-tur, Dilek},
    number = {July},
    pages = {815--824},
    isbn = {9781617388088}
}

@misc{Darby2006,
    title = {{THE EFFECTIVENESS OF FEEDBACK ON ENERGY CONSUMPTION}},
    year = {2006},
    author = {Darby, S},
    pages = {20--29},
    volume = {1},
    isbn = {2214-241X},
    doi = {10.1016/j.aqpro.2013.07.003},
    issn = {2214241X},
    pmid = {24439530},
    arxivId = {arXiv:1011.1669v3}
}

@article{VaasaETT2011,
    title = {{The potential of smart meter enabled programs to increase energy and systems efficiency: a mass pilot comparisonShort name: Empower Demand}},
    year = {2011},
    journal = {ESMIG European Smart Metering Industry Group},
    author = {{VaasaETT}},
    pages = {1--92},
    url = {papers2://publication/uuid/45A4910F-C10F-4873-B266-2311EF22FD5E}
}

@article{Aecom2011,
    title = {{Energy Demand Research Project: Final Analysis}},
    year = {2011},
    journal = {Engineering},
    author = {{Aecom}},
    number = {June},
    pages = {16--17},
    url = {http://www.ofgem.gov.uk/Sustainability/EDRP/Pages/EDRP.aspx},
    isbn = {978-85-7669-257-7},
    doi = {60163857}
}

@article{Darby2010,
    title = {{Literature review for the Energy Demand Research Project}},
    year = {2010},
    journal = {Change},
    author = {Darby, Sarah},
    pages = {1--30},
    url = {http://www.mendeley.com/research/literature-review-energy-demand-research-project/}
}

@article{Allcott2011,
    title = {{Rethinking Real Time Electricity Pricing}},
    year = {2011},
    journal = {Resource and Energy Economics},
    author = {Allcott, Hunt},
    number = {October},
    pages = {1--30},
    isbn = {9788578110796},
    doi = {10.1017/CBO9781107415324.004},
    issn = {1098-6596},
    pmid = {25246403},
    arxivId = {arXiv:1011.1669v3},
    keywords = {alberto abadie, bill hogan, eld experiments, energy demand, erich muehlegger, erin mansur, greenstone, i thank, kenny gillingham, larry katz, michael, randomized, real time electricity pricing, sendhil mullainathan, severin borenstein, without implicating}
}

@article{Allcott2012,
    title = {{Real-Time Pricing and Electricity Market Design}},
    year = {2012},
    journal = {NYU Working Paper. Ney York University (NYU)},
    author = {Allcott, Hunt},
    url = {https://www.dropbox.com/s/22rouxvdaymlw0z/Allcott - Real-Time Pricing and Electricity Market Design.pdf?dl=0},
    keywords = {Capacity markets, allan collard-wexler, bill hogan, capacity markets, electricity markets, entry games, erich muehlegger, erin mansur, greenstone, i thank, michael, real-time pricing, real-time pricing., sendhil mullainathan, severin borenstein, steven joyce, susan athey, without implicating, —}
}

@article{Allcott2009,
    title = {{Real Time Pricing and Electricity Markets}},
    year = {2009},
    journal = {Group},
    author = {Allcott, Hunt},
    pages = {1--77},
    url = {http://www.erb.umich.edu/HTML-Email/speakers/Post-docCandidates/documents/jmp-allcott.pdf},
    keywords = {alberto abadie, capacity markets, drew fudenberg, eld experiments, electricity pricing, eric budish, games, i thank, learning, multi unit auctions, randomized, susan athey, without implicating}
}

@article{Stern2016,
    title = {{Towards a science of climate and energy choices}},
    year = {2016},
    journal = {Nature Climate Change},
    author = {Stern, P C and Sovacool, B K and Dietz, T},
    number = {6},
    pages = {547--555},
    volume = {6},
    publisher = {Nature Publishing Group},
    url = {https://www.scopus.com/inward/record.uri?eid=2-s2.0-84971254990&partnerID=40&md5=2790f9355586a8a51bc40e8711adabc2},
    isbn = {1758-678X},
    doi = {10.1038/nclimate3027},
    issn = {1758-678X}
}

@article{Allcott2009a,
    title = {{Social Norms and Energy Conservation}},
    year = {2009},
    journal = {Center for Energy and Environmental Policy Research},
    author = {Allcott, Hunt},
    number = {October},
    pages = {1--35},
    url = {http://linkinghub.elsevier.com/retrieve/pii/S0047272711000478},
    isbn = {9788578110796},
    doi = {10.1016/j.jpubeco.2011.03.003},
    issn = {00472727},
    pmid = {25246403},
    arxivId = {arXiv:1011.1669v3}
}

@article{AswinRajC.2015,
    title = {{Smart Meter Based on Real Time Pricing}},
    year = {2015},
    journal = {Procedia Technology},
    author = {{Aswin Raj C.} and {Aravind E.} and Sundaram B., Ramya and Vasudevan, Shriram K.},
    pages = {120--124},
    volume = {21},
    publisher = {Elsevier B.V.},
    url = {http://dx.doi.org/10.1016/j.protcy.2015.10.018},
    isbn = {2212-0173},
    doi = {10.1016/j.protcy.2015.10.018},
    issn = {22120173}
}

@article{Thesis2012,
    title = {{Real-Time Pricing in the Swedish Electricity Market}},
    year = {2012},
    author = {Thesis, Bachelor},
    number = {January},
    keywords = {electricity, real-time pricing, sweden}
}

@article{Holland2006,
    title = {{The Short-Run Effects of Time-Varying Prices in Competitive Electricity Markets The Short-Run Effects of Time-Varying Prices in Competitive Electricity Markets}},
    year = {2006},
    author = {Holland, Stephen P and Mansur, Erin T},
    number = {May}
}

@article{Borenstein2009,
    title = {{Time-varying retail electricity prices: Theory and practice}},
    year = {2009},
    journal = {Electricity deregulation: choices and challenges},
    author = {Borenstein, Severin},
    pages = {111–130},
    url = {http://faculty.haas.berkeley.edu/BORENSTE/download/RTPchap05.pdf},
    isbn = {9780226308586}
}

@article{Hogan2014,
    title = {{Time of Use Rates and Real-Time Prices}},
    year = {2014},
    author = {Hogan, William W},
    pages = {1--8},
    url = {http://www.hks.harvard.edu/fs/whogan/Hogan_TOU_RTP_Newark_082314.pdf}
}

@article{Holland2008,
    title = {{Is Real-Time Pricing Green?: the Environmental Impacts of Electricity Demand Variance}},
    year = {2008},
    journal = {The Review of Economics and Statistics},
    author = {Holland, S.P. and Mansur, E.T.},
    number = {3},
    pages = {550--561},
    volume = {90},
    isbn = {9788578110796},
    doi = {10.1017/CBO9781107415324.004},
    issn = {1098-6596},
    pmid = {25246403},
    arxivId = {arXiv:1011.1669v3},
    keywords = {icle}
}

@article{Borenstein2013,
    title = {{Effective and Equitable Adoption of Opt-In Residential Dynamic Electricity Pricing}},
    year = {2013},
    journal = {Review of Industrial Organization},
    author = {Borenstein, S.},
    number = {2},
    pages = {127--160},
    volume = {42},
    isbn = {1115101293},
    doi = {10.1007/s11151-012-9367-3},
    issn = {0889938X},
    keywords = {Critical-peak pricing, Real-time pricing, Tariff design}
}

@article{Gambardella2016,
    title = {{Real-Time Electricity Pricing with Heterogeneous Consumers and Variable Renewable Energy Supply: Welfare and Distributional Effects}},
    year = {2016},
    author = {Gambardella, Christian and Pahle, Michael},
    number = {April}
}

@article{Gambardella2015a,
    title = {{Welfare Effects of Dynamic Retail Pricing In The Presence of Variable Renewable Energy Supply and Planning Reserve Margin Constraints}},
    year = {2015},
    author = {Gambardella, C and Pahle, M and Schill, W P},
    number = {49},
    pages = {1--45}
}

@article{Gambardella2015,
    title = {{Welfare Effects of Dynamic Retail Pricing In The Presence of Variable Renewable Energy Supply and Planning Reserve Margin Constraints}},
    year = {2015},
    author = {Gambardella, C and Pahle, M and Schill, W P},
    number = {49},
    pages = {1--45}
}

@article{Stern2016a,
    title = {{Opportunities and insights for reducing fossil fuel consumption by households and organizations}},
    year = {2016},
    journal = {Nature Energy},
    author = {Stern, Paul C. and Janda, Kathryn B. and Brown, Marilyn A. and Steg, Linda and Vine, Edward L. and Lutzenhiser, Loren},
    number = {5},
    pages = {1--6},
    volume = {1},
    url = {http://www.nature.com/articles/nenergy201643},
    doi = {10.1038/nenergy.2016.43},
    issn = {2058-7546}
}

@article{Borenstein2005,
    title = {{The Long-Run Efficiency of Real Time Electricity Pricing}},
    year = {2005},
    journal = {The Energy Journal},
    author = {Borenstein, Severin},
    pages = {93--116},
    volume = {26},
    isbn = {0792396855},
    doi = {10.5547/ISSN0195-6574-EJ-Vol26-No3-5},
    issn = {01956574}
}

@article{Liu2015,
    title = {{SMAS: A smart meter data analytics system}},
    year = {2015},
    journal = {Proceedings - International Conference on Data Engineering},
    author = {Liu, Xiufeng and Golab, Lukasz and Ilyas, Ihab F.},
    pages = {1476--1479},
    volume = {2015-May},
    isbn = {9781479979639},
    doi = {10.1109/ICDE.2015.7113405},
    issn = {10844627}
}

@article{Sioshansi2009,
    title = {{Evaluating the Impacts of Real Time Pricing on the Usage of Wind Power Generation}},
    year = {2009},
    journal = {IEEE Transactions on Power Systems},
    author = {Sioshansi, Ramteen and Short, Walter},
    number = {2},
    pages = {516--524},
    volume = {24},
    keywords = {electricity, wind generation, intermittency, real-}
}

@article{Allcott2014,
    title = {{The short-run and long-run effects of behavioral interventions: Experimental evidence from energy conservation}},
    year = {2014},
    journal = {American Economic Review},
    author = {Allcott, Hunt and Rogers, Todd},
    number = {10},
    pages = {3003--3037},
    volume = {104},
    isbn = {0002-8282},
    doi = {10.1257/aer.104.10.3003},
    issn = {00028282},
    pmid = {25246403},
    arxivId = {arXiv:1011.1669v3},
    keywords = {analyst at the utility, and the senior evaluation, ciency, david cesarini, energy e, for feedback and, francesca gino, gary charness, gneezy, habit formation, persistence, sendhil mullainathan, social comparisons, uri, we thank ken agnew, xavier gabaix}
}

@article{Ito2014,
    title = {{The Persistence of Intrinsic and Extrinsic Motivation: Experimental Evidence from Energy Demand}},
    year = {2014},
    journal = {The Persistence of Intrinsic and Extrinsic Motivation: Experimental Evidence from Energy Demand},
    author = {Ito, K and Takanori, I and Tanaka, M}
}

@article{Kempener2013,
    title = {{Smart Grids and Renewables - A Guide for Effective Deployment}},
    year = {2013},
    journal = {International Renewable Energy Agency},
    author = {Kempener, Ruud and Komor, Paul and Hoke, Anderson},
    number = {November},
    pages = {47},
    keywords = {IRENA publication}
}

@article{Darby2006a,
    title = {{the Effectiveness of Feedback on Energy Consumption a Review for Defra of the Literature on Metering , Billing and}},
    year = {2006},
    journal = {Environmental Change Institute University of Oxford},
    author = {Darby, Sarah},
    number = {April},
    pages = {1–21},
    volume = {22},
    url = {http://www.citeulike.org/user/cblock/article/4123593},
    isbn = {2169-2637},
    doi = {10.4236/ojee.2013.21002},
    issn = {2169-2637}
}

@article{InternationalEnergyAgency2011,
    title = {{Technology Roadmap - Smart Grids}},
    year = {2011},
    journal = {Current},
    author = {{International Energy Agency}},
    pages = {52},
    url = {https://www.iea.org/publications/freepublications/publication/smartgrids_roadmap.pdf},
    isbn = {9781604138795},
    doi = {10.1007/SpringerReference{\_}7300},
    issn = {13640321},
    keywords = {Roadmap Smart Grid, Smart Grid, Tecnologias Smart Grid}
}

@article{Hirth2013,
    title = {{The market value of variable renewables. The effect of solar wind power variability on their relative price}},
    year = {2013},
    journal = {Energy Economics},
    author = {Hirth, Lion},
    number = {June},
    pages = {218--236},
    volume = {38},
    url = {http://www.sciencedirect.com/science/article/pii/S0140988313000285},
    isbn = {0140-9883},
    doi = {10.1016/j.eneco.2013.02.004},
    issn = {01409883},
    pmid = {25246403},
    arxivId = {arXiv:1011.1669v3},
    keywords = {Cost-benefit analysis, Electricity markets, Intermittency, Market integration of renewables, Variable renewables, Wind and Solar power}
}

@article{Stechow2016,
    title = {{2oC and the SDGs: United they stand, divided they fall?}},
    year = {2016},
    journal = {Environmental Research Letters},
    author = {Stechow, Christoph von and Minx, Jan C and Riahi, Keywan and Jewell, Jessica and McCollum, David L and Callaghan, Max W and Bertram, Christoph and Luderer, Gunnar and Baiocchi, Giovanni},
    number = {3},
    pages = {34022},
    volume = {11},
    publisher = {IOP Publishing},
    url = {http://dx.doi.org/10.1088/1748-9326/11/3/034022},
    isbn = {1748-9326},
    doi = {10.1088/1748-9326/11/3/034022},
    issn = {1748-9326},
    keywords = {climate change mitigation, climate policy, co-bene fi ts, co-benefits, energy ef fi ciency, energy efficiency, mitigation, mitigation risks, risk management, sustainable development}
}

@article{Gottwalt2011,
    title = {{Demand side management-A simulation of household behavior under variable prices}},
    year = {2011},
    journal = {Energy Policy},
    author = {Gottwalt, Sebastian and Ketter, Wolfgang and Block, Carsten and Collins, John and Weinhardt, Christof},
    number = {12},
    pages = {8163--8174},
    volume = {39},
    publisher = {Elsevier},
    url = {http://dx.doi.org/10.1016/j.enpol.2011.10.016},
    isbn = {0301-4215},
    doi = {10.1016/j.enpol.2011.10.016},
    issn = {03014215},
    keywords = {Demand side management, Load shifting, Smart appliances}
}

@article{Staddon2016,
    title = {{Intervening to change behaviour and save energy in the workplace: A systematic review of available evidence}},
    year = {2016},
    journal = {Energy Research and Social Science},
    author = {Staddon, Sam C. and Cycil, Chandrika and Goulden, Murray and Leygue, Caroline and Spence, Alexa},
    pages = {30--51},
    volume = {17},
    publisher = {Elsevier Ltd},
    url = {http://dx.doi.org/10.1016/j.erss.2016.03.027},
    doi = {10.1016/j.erss.2016.03.027},
    issn = {22146296},
    keywords = {Behaviour change, Behaviour change wheel, Energy use, Intervention, Review, Workplace}
}

@article{Bedwell2014,
    title = {{Apportioning energy consumption in the workplace: a review of issues in using metering data to motivate staff to save energy}},
    year = {2014},
    journal = {Technology Analysis {\&} Strategic Management},
    author = {Bedwell, Ben and Leygue, Caroline and Goulden, Murray and McAuley, Derek and Colley, James and Ferguson, Eamonn and Banks, Nick and Spence, Alexa},
    number = {10},
    pages = {1196--1211},
    volume = {26},
    url = {http://www.tandfonline.com/doi/abs/10.1080/09537325.2014.978276%5Cnhttp://www.tandfonline.com/doi/full/10.1080/09537325.2014.978276},
    isbn = {09537325},
    doi = {10.1080/09537325.2014.978276},
    issn = {0953-7325},
    pmid = {99753599},
    keywords = {BMS, behaviour change, data, energy monitoring, non-domestic, smart meter}
}

@article{Torriti2012,
    title = {{Price-based demand side management: Assessing the impacts of time-of-use tariffs on residential electricity demand and peak shifting in Northern Italy}},
    year = {2012},
    journal = {Energy},
    author = {Torriti, Jacopo},
    number = {1},
    pages = {576--583},
    volume = {44},
    publisher = {Elsevier},
    url = {http://dx.doi.org/10.1016/j.energy.2012.05.043},
    isbn = {0360-5442},
    doi = {10.1016/j.energy.2012.05.043},
    issn = {03605442},
    keywords = {Demand side management, Residential electricity demand, Smart meters, Time-of-Use}
}

@article{Davis2013,
    title = {{Setting a standard for electricity pilot studies}},
    year = {2013},
    journal = {Energy Policy},
    author = {Davis, Alexander L. and Krishnamurti, Tamar and Fischhoff, Baruch and Bruine de Bruin, Wandi},
    pages = {401--409},
    volume = {62},
    publisher = {Elsevier},
    url = {http://dx.doi.org/10.1016/j.enpol.2013.07.093},
    isbn = {4122686938},
    doi = {10.1016/j.enpol.2013.07.093},
    issn = {03014215},
    keywords = {Dynamic pricing, In-home display, Smart thermostat}
}

@book{Torriti2016,
    title = {{Peak Energy Demand and Demand Side Response}},
    year = {2016},
    booktitle = {Peak Energy Demand and Demand Side Response},
    author = {Torriti, Jacopo},
    pages = {1--172},
    url = {http://www.scopus.com/inward/record.url?eid=2-s2.0-84941949720&partnerID=tZOtx3y1},
    isbn = {9781315781099},
    doi = {10.4324/9781315781099}
}

@article{Pullinger2014,
    title = {{Influencing household energy practices: a critical review of UK smart metering standards and commercial feedback devices}},
    year = {2014},
    journal = {Technology Analysis {\&} Strategic Management},
    author = {Pullinger, Martin and Lovell, Heather and Webb, Janette},
    number = {10},
    pages = {1144–1162},
    volume = {26},
    url = {http://www.tandfonline.com.proxy.library.uu.nl/doi/abs/10.1080/09537325.2014.977245#.VGYM5fmG_VE},
    isbn = {09537325},
    doi = {10.1080/09537325.2014.977245},
    issn = {0953-7325},
    pmid = {99753598},
    keywords = {behaviour change, feedback, reflection practice, smart meters, standards, theories of social practice}
}

@article{Wilson2015,
    title = {{Smart homes and their users: a systematic analysis and key challenges}},
    year = {2015},
    journal = {Personal and Ubiquitous Computing},
    author = {Wilson, Charlie and Hargreaves, Tom and Hauxwell-Baldwin, Richard},
    number = {2},
    pages = {463--476},
    volume = {19},
    isbn = {1617-4909},
    doi = {10.1007/s00779-014-0813-0},
    issn = {16174909},
    keywords = {Assisted living, Energy, Households, Smart homes, Technologies, Users}
}

@article{Jiang2016,
    title = {{A topic modeling based bibliometric exploration of hydropower research}},
    year = {2016},
    journal = {Renewable and Sustainable Energy Reviews},
    author = {Jiang, Hanchen and Qiang, Maoshan and Lin, Peng},
    pages = {226--237},
    volume = {57},
    publisher = {Elsevier},
    url = {http://dx.doi.org/10.1016/j.rser.2015.12.194},
    doi = {10.1016/j.rser.2015.12.194},
    issn = {1364-0321},
    keywords = {Bibliometrics, Hydropower, Renewable energy, Research trends, Topic modeling}
}

@article{1748-9326-11-3-034022,
    title = {{2 {${}^\circ$}C and SDGs: united they stand, divided they fall?}},
    year = {2016},
    journal = {Environmental Research Letters},
    author = {von Stechow, Christoph and Minx, Jan C and Riahi, Keywan and Jewell, Jessica and McCollum, David L and Callaghan, Max W and Bertram, Christoph and Luderer, Gunnar and Baiocchi, Giovanni},
    number = {3},
    pages = {34022},
    volume = {11},
    url = {http://stacks.iop.org/1748-9326/11/i=3/a=034022}
}

@article{Kane2016,
    title = {{A systematic review of perennial staple crops literature using topic modeling and bibliometric analysis}},
    year = {2016},
    journal = {PLoS ONE},
    author = {Kane, Daniel A. and Rog??, Paul and Snapp, Sieglinde S.},
    number = {5},
    pages = {1--18},
    volume = {11},
    doi = {10.1371/journal.pone.0155788},
    issn = {19326203}
}

@article{Charidimou2015,
    title = {{Mapping the landscape of cerebral amyloid angiopathy research: an informetric analysis perspective}},
    year = {2015},
    author = {Charidimou, Andreas and Fox, Zoe and Werring, David J and Song, Min},
    pages = {1--8},
    doi = {10.1136/jnnp-2015-310690}
}

@article{Hashimoto2016,
    title = {{Topic detection using paragraph vectors to support active learning in systematic reviews}},
    year = {2016},
    journal = {Journal of Biomedical Informatics},
    author = {Hashimoto, Kazuma and Kontonatsios, Georgios and Miwa, Makoto and Ananiadou, Sophia},
    pages = {59--65},
    volume = {62},
    publisher = {The Authors},
    url = {http://dx.doi.org/10.1016/j.jbi.2016.06.001},
    doi = {10.1016/j.jbi.2016.06.001},
    issn = {1532-0464}
}

@article{Lansley2016,
    title = {{The geography of Twitter topics in London}},
    year = {2016},
    journal = {CEUS},
    author = {Lansley, Guy and Longley, Paul A},
    pages = {85--96},
    volume = {58},
    publisher = {The Authors},
    url = {http://dx.doi.org/10.1016/j.compenvurbsys.2016.04.002},
    doi = {10.1016/j.compenvurbsys.2016.04.002},
    issn = {0198-9715},
    keywords = {Geotemporal, Latent Dirichlet Allocation, Social media, Topic modelling, Twitter}
}

@article{Nunez-Mir2016,
    title = {{Automated content analysis: addressing the big literature challenge in ecology and evolution}},
    year = {2016},
    journal = {Methods in Ecology and Evolution},
    author = {Nunez-Mir, Gabriela C. and Iannone, Basil V. and Pijanowski, Bryan C. and Kong, Ningning and Fei, Songlin and Fitzjohn, Richard},
    number = {11},
    pages = {1262--1272},
    volume = {7},
    doi = {10.1111/2041-210X.12602},
    issn = {2041210X},
    arxivId = {1011.1669},
    keywords = {concept map, literature review, machine learning, quantitative review, research synthesis, text mining, topic modelling}
}

@article{Grubert2016,
    title = {{Benefits and applications of interdisciplinary digital tools for environmental meta-reviews and analyses}},
    year = {2016},
    journal = {Environmental Research Letters},
    author = {Grubert, Emily and Siders, Anne},
    number = {9},
    pages = {093001},
    volume = {11},
    publisher = {IOP Publishing},
    url = {http://stacks.iop.org/1748-9326/11/i=9/a=093001?key=crossref.846175a63e04dc37c8d90ff4d672c204},
    doi = {10.1088/1748-9326/11/9/093001},
    issn = {1748-9326},
    keywords = {adaptive capacity, collocation analysis, computational, computational social science, digital humanities, life cycle assessment, text mining, topic modeling}
}

@article{Light2016,
    title = {{Knowledge in motion: the evolution of HIV/AIDS research}},
    year = {2016},
    journal = {Scientometrics},
    author = {Light, Ryan and Adams, Jimi},
    number = {3},
    pages = {1227--1248},
    volume = {107},
    publisher = {Springer Netherlands},
    doi = {10.1007/s11192-016-1933-2},
    issn = {15882861},
    keywords = {Dynamic networks, HIV/AIDS research, Interdisciplinarity, Topic models}
}

@article{McFarland2013,
    title = {{Differentiating language usage through topic models}},
    year = {2013},
    journal = {Poetics},
    author = {McFarland, Daniel A. and Ramage, Daniel and Chuang, Jason and Heer, Jeffrey and Manning, Christopher D. and Jurafsky, Daniel},
    number = {6},
    pages = {607--625},
    volume = {41},
    publisher = {Elsevier B.V.},
    url = {http://dx.doi.org/10.1016/j.poetic.2013.06.004},
    isbn = {0304-422X},
    doi = {10.1016/j.poetic.2013.06.004},
    issn = {0304422X},
    keywords = {Culture, Domains, Language differentiation, Sociology, Text, Topic models}
}

@article{Bekhuis2014,
    title = {{Feature engineering and a proposed decision-support system for systematic reviewers of medical evidence}},
    year = {2014},
    journal = {PLoS ONE},
    author = {Bekhuis, Tanja and Tseytlin, Eugene and Mitchell, Kevin J. and Demner-Fushman, Dina},
    number = {1},
    pages = {1--10},
    volume = {9},
    isbn = {1932-6203},
    doi = {10.1371/journal.pone.0086277},
    issn = {19326203},
    pmid = {24475099}
}

@article{Bettencourt2011,
    title = {{Evolution and structure of sustainability science}},
    year = {2011},
    journal = {Proceedings of the National Academy of Sciences},
    author = {Bettencourt, Luís M. A. and Kaur, Jasleen},
    number = {49},
    pages = {19540--19545},
    volume = {108},
    url = {http://www.pnas.org/content/early/2011/11/22/1102712108.abstract},
    isbn = {1102712108},
    doi = {10.1073/pnas.1102712108},
    issn = {0027-8424, 1091-6490},
    pmid = {22114186}
}

@article{Convertino2014,
    title = {{‘’ Reading the Minds ’’ for Quantitative Sustainability : Assessing Stakeholder Mental Models via Probabilistic Text Analysis}},
    year = {2014},
    author = {Convertino, Matteo and Munoz-carpena, Rafael and Murcia, Carolina},
    pages = {1--32}
}

@article{Evans2016,
    title = {{Machine Translation: Mining Text for Social Theory}},
    year = {2016},
    journal = {Annual Review of Sociology},
    author = {Evans, James A. and Aceves, Pedro},
    number = {1},
    pages = {21--50},
    volume = {42},
    url = {http://www.annualreviews.org/doi/10.1146/annurev-soc-081715-074206},
    isbn = {0360-0572},
    doi = {10.1146/annurev-soc-081715-074206},
    issn = {0360-0572},
    keywords = {big data, computational methods, content analysis, grounded theory, machine learning, natural language processing, text analysis}
}

@article{Wang2016,
    title = {{Towards felicitous decision making: An overview on challenges and trends of Big Data}},
    year = {2016},
    journal = {Information Sciences},
    author = {Wang, Hai and Xu, Zeshui and Fujita, Hamido and Liu, Shousheng},
    number = {July},
    pages = {747--765},
    volume = {367-368},
    doi = {10.1016/j.ins.2016.07.007},
    issn = {00200255},
    pmid = {117293839},
    keywords = {Big Data, Computational social science, Data analysis, Data deluge, Data-intensive applications, Decision making}
}

@misc{IPCC2013,
    title = {{Principles governing IPCC work}},
    year = {2013},
    author = {{IPCC}},
    url = {https://www.ipcc.ch/pdf/ipcc-principles/ipcc-principles.pdf}
}

@article{Edenhofer2015,
    title = {{Cartography of pathways: A new model for environmental policy assessments}},
    year = {2015},
    journal = {Environmental Science and Policy},
    author = {Edenhofer, Ottmar and Kowarsch, Martin},
    pages = {56--64},
    volume = {51},
    publisher = {Elsevier Ltd},
    url = {http://dx.doi.org/10.1016/j.envsci.2015.03.017},
    doi = {10.1016/j.envsci.2015.03.017},
    issn = {18736416},
    keywords = {Environmental assessment, Means-consequence, Policy pathway, Public policy analysis, Side effect, Value judgement}
}

@article{Elshamy2013,
    title = {{Continuous-time Infinite Dynamic Topic Models}},
    year = {2013},
    author = {Elshamy, Wesam Samy},
    arxivId = {1302.7088v1}
}

@article{Suominen2016,
    title = {{Map of science with topic modeling: Comparison of unsupervised learning and human-assigned subject classification}},
    year = {2016},
    journal = {Journal of the Association for Information Science and Technology},
    author = {Suominen, Arho and Toivanen, Hannes},
    number = {10},
    month = {10},
    pages = {2464--2476},
    volume = {67},
    url = {http://doi.wiley.com/10.1002/asi.23596},
    doi = {10.1002/asi.23596},
    issn = {23301635}
}

@article{Westgate2015,
    title = {{Text analysis tools for identification of emerging topics and research gaps in conservation science}},
    year = {2015},
    journal = {Conservation Biology},
    author = {Westgate, Martin J. and Barton, Philip S. and Pierson, Jennifer C. and Lindenmayer, David B.},
    number = {6},
    pages = {1606--1614},
    volume = {29},
    isbn = {1523-1739},
    doi = {10.1111/cobi.12605},
    issn = {15231739},
    pmid = {26271213},
    keywords = {Hot topics, Indicators, Latent Dirichlet allocation, Surrogates, Synthesis}
}

@article{Li2014,
    title = {{Experiments with Dynamic Topic Models}},
    year = {2014},
    journal = {Kdd},
    author = {Li, Jinjing and Buntine, Wray},
    isbn = {9781450329569},
    keywords = {abc news, dynamic topic modelling, experimental results}
}

@article{Tvinnereim2015,
    title = {{Explaining topic prevalence in answers to open-ended survey questions about climate change}},
    year = {2015},
    journal = {Nature Climate Change},
    author = {Tvinnereim, Endre and Fl{\o}ttum, Kjersti},
    number = {8},
    pages = {744--747},
    volume = {5},
    url = {http://www.nature.com/doifinder/10.1038/nclimate2663},
    isbn = {1758-678X},
    doi = {10.1038/nclimate2663},
    issn = {1758-678X}
}

@article{Lakshmanan2015,
    title = {{Machine Learning and Data Mining Approaches to Climate Science}},
    year = {2015},
    journal = {Science},
    author = {Lakshmanan, Valliappa and Gilleland, Eric and McGovern, Amy and Tingley, Martin},
    pages = {185--194},
    url = {http://link.springer.com/10.1007/978-3-319-17220-0},
    isbn = {978-3-319-17219-4},
    doi = {10.1007/978-3-319-17220-0},
    keywords = {abrupt climate, autocorrelation, change, change detection, non-stationary, time series}
}

@article{Hall2008,
    title = {{Studying the history of ideas using topic models}},
    year = {2008},
    journal = {Proceedings of the Conference on Empirical Methods in Natural Language Processing - EMNLP '08},
    author = {Hall, David and Jurafsky, Daniel and Manning, Christopher D.},
    pages = {363--371},
    doi = {10.3115/1613715.1613763}
}

@book{Price1963,
    title = {{Little science, big science...and beyond}},
    year = {1963},
    author = {Price, Derek John de Solla},
    publisher = {Columbia University Press},
    address = {New York}
}

@article{Wang2006,
    title = {{Topics over time: a non-Markov continuous-time model of topical trends}},
    year = {2006},
    journal = {Proceedings of the 12th ACM SIGKDD International Conference on Knowledge Discovery and Data Mining},
    author = {Wang, Xuerui and McCallum, Andrew},
    pages = {424--433},
    isbn = {1595933395},
    doi = {10.1145/1150402.1150450},
    issn = {1595933395},
    keywords = {graphical models, temporal analysis, topic modeling}
}

@article{Wang2008,
    title = {{Continuous Time Dynamic Topic Models}},
    year = {2008},
    journal = {Proc of UAI},
    author = {Wang, Chong and Blei, David and Heckerman, David},
    pages = {579--586},
    url = {http://citeseerx.ist.psu.edu/viewdoc/download?doi=10.1.1.139.4535&amp;rep=rep1&amp;type=pdf},
    isbn = {0-9749039-4-9},
    arxivId = {1206.3298}
}

@article{Sleeman2016,
    title = {{Dynamic Topic Modeling to Infer the Influence of Research Citations on IPCC Assessment Reports}},
    year = {2016},
    journal = {Big Data Challenges, Research, and Technologies in the Earth and Planetary Sciences Workshop, IEEE BigData 2016},
    author = {Sleeman, Jennifer and Halem, Milton and Finin, Tim and Cane, Mark},
    keywords = {-big data, are changing over time, cross-domain correlation, data integration, domain influence, domain influences another is, of understanding how one, to, topic model, understand how these domains}
}

@article{VonStechow2016,
    title = {{2{${}^\circ$}C and SDGs: United they stand, divided they fall?}},
    year = {2016},
    journal = {Environmental Research Letters},
    author = {Von Stechow, C. and Minx, J.C. and Riahi, K. and Jewell, J. and McCollum, D.L. and Callaghan, M.W. and Bertram, C. and Luderer, G. and Baiocchi, G.},
    number = {3},
    volume = {11},
    doi = {10.1088/1748-9326/11/3/034022},
    issn = {17489326 17489318},
    keywords = {[climate change mitigation, climate policy, co-ben}
}

@misc{Elsevier2017,
    title = {{Content - Scopus - Solutions Elsevier}},
    year = {2017},
    booktitle = {Elseivier Home Page},
    author = {{Elsevier}},
    url = {https://www.elsevier.com/solutions/scopus/content}
}

@article{Edenhofer2014,
    title = {{Mapmakers and navigators, facts and values}},
    year = {2014},
    journal = {Science},
    author = {Edenhofer, Ottmar and Minx, Jan},
    number = {6192},
    pages = {37--38},
    volume = {345},
    url = {http://www.sciencemag.org/content/345/6192/37.short},
    isbn = {1095-9203 (Electronic)0036-8075 (Linking)},
    doi = {10.1126/science.1255998},
    issn = {1095-9203},
    pmid = {24994640},
    keywords = {Administrative Personnel, Carbon Dioxide, Carbon Dioxide: analysis, Federal Government, Fossil Fuels, Greenhouse Effect, Humans, Policy Making, Research Personnel, Vehicle Emissions, Vehicle Emissions: analysis}
}

@article{Funtowicz1993,
    title = {{Science for the post-normal age}},
    year = {1993},
    journal = {Futures},
    author = {Funtowicz, Silvio O. and Ravetz, Jerome R.},
    number = {7},
    pages = {739--755},
    volume = {25},
    isbn = {0016-3287},
    doi = {10.1016/0016-3287(93)90022-L},
    issn = {00163287},
    pmid = {100}
}

@article{Gluckman2016,
    title = {{The science-policy interface}},
    year = {2016},
    journal = {Science},
    author = {Gluckman, P.},
    number = {6303},
    pages = {969--969},
    volume = {353},
    url = {http://www.sciencemag.org/cgi/doi/10.1126/science.aai8837},
    isbn = {1095-9203 (Electronic)0036-8075 (Linking)},
    doi = {10.1126/science.aai8837},
    issn = {0036-8075},
    pmid = {27701091},
    keywords = {Science Magazine Article}
}

@article{Algee-hewitt2016,
    title = {{Literary Lab Pamphlet 11}},
    year = {2016},
    journal = {Pamphlets of the Standford Literary Lab},
    author = {Algee-hewitt, Mark and Allison, Sarah and Gemma, Marissa and Walser, Hannah and Gemma, Marissa and Algee-hewitt, Mark},
    number = {January},
    pages = {1--13},
    volume = {11}
}

@article{Khabsa2014,
    title = {{The number of scholarly documents on the public web}},
    year = {2014},
    journal = {PLoS ONE},
    author = {Khabsa, Madian and Giles, C. Lee},
    number = {5},
    volume = {9},
    doi = {10.1371/journal.pone.0093949},
    issn = {19326203},
    pmid = {24817403}
}

@book{Moretti2013,
    title = {{Distant Reading}},
    year = {2013},
    author = {Moretti, Franco},
    publisher = {Verso},
    address = {London},
    isbn = {9781781680841}
}

@article{Zeng2012,
    title = {{Synonym, topic model and predicate-based query expansion for retrieving clinical documents.}},
    year = {2012},
    journal = {AMIA ... Annual Symposium proceedings / AMIA Symposium. AMIA Symposium},
    author = {Zeng, Qing T and Redd, Doug and Rindflesch, Thomas and Nebeker, Jonathan},
    pages = {1050--9},
    volume = {2012},
    url = {http://www.pubmedcentral.nih.gov/articlerender.fcgi?artid=3540443&tool=pmcentrez&rendertype=abstract},
    isbn = {1942-597X (Electronic){\textbackslash}r1559-4076 (Linking)},
    issn = {1942-597X},
    pmid = {23304381},
    keywords = {Abstracting and Indexing as Topic, Clinical Medicine, Information Storage and Retrieval, Information Storage and Retrieval: methods, MEDLINE, Medical Records, Natural Language Processing, Unified Medical Language System, Vocabulary, Controlled}
}

@article{Cohen2010,
    title = {{Evidence-based medicine, the essential role of systematic reviews, and the need for automated text mining tools}},
    year = {2010},
    journal = {Proceedings of the ACM international conference on Health informatics - IHI '10},
    author = {Cohen, Aaron M and Adams, Clive E and Davis, John M and Yu, Clement and Yu, Philip S and Meng, Weiyi and Duggan, Lorna and McDonagh, Marian and Smalheiser, Neil R},
    pages = {376},
    url = {http://portal.acm.org/citation.cfm?doid=1882992.1883046},
    isbn = {9781450300308},
    doi = {10.1145/1882992.1883046},
    keywords = {evidence-based, information storage and retrieval, text-mining}
}

@article{Conte2012,
    title = {{Manifesto of computational social science}},
    year = {2012},
    journal = {European Physical Journal: Special Topics},
    author = {Conte, R. and Gilbert, N. and Bonelli, G. and Cioffi-Revilla, C. and Deffuant, G. and Kertesz, J. and Loreto, V. and Moat, S. and Nadal, J. P. and Sanchez, A. and Nowak, A. and Flache, A. and San Miguel, M. and Helbing, D.},
    number = {1},
    pages = {325--346},
    volume = {214},
    doi = {10.1140/epjst/e2012-01697-8},
    issn = {19516355}
}

@article{Lazer2009,
    title = {{Life in the network: the coming age of computational social science}},
    year = {2009},
    journal = {Science},
    author = {Lazer, David and Brewer, Devon and Christakis, Nicholas and Fowler, James and King, Gary},
    number = {5915},
    pages = {721--723},
    volume = {323},
    isbn = {1095-9203},
    doi = {10.1126/science.1167742.Life},
    issn = {00368075},
    pmid = {19197046}
}

@article{Kowarsch2015,
    title = {{Policy assessments to enhance EU scientific advice}},
    year = {2015},
    journal = {Nature Climate Change},
    author = {Kowarsch, Martin},
    number = {1},
    pages = {1--5},
    volume = {6},
    publisher = {Nature Publishing Group},
    url = {http://dx.doi.org/10.1038/nclimate2835},
    doi = {10.1038/nclimate2835},
    issn = {1758-678X}
}

@article{Jordan2015,
    title = {{Machine learning: Trends, perspectives, and prospects.}},
    year = {2015},
    journal = {Science (New York, N.Y.)},
    author = {Jordan, M I and Mitchell, T M and Valiant, L. and Chandrasekaran, V. and Jordan, M. I. and Decatur, S. and Goldreich, O. and Ron, D. and Schmidhuber, J. and Krizhevsky, A. and Sutskever, I. and Hinton, G. and Hinton, G. and Deng, L. and Yu, D. and Dahl, G. and Mohamed, A. and Jaitly, N. and Senior, A. and Vanhoucke, V. and Nguyen, P. and Sainath, T. and Kingsbury, B. and Hinton, G. E. and Salakhutdinov, R. R. and Mnih, V. and Kavukcuoglu, K. and Silver, D. and Rusu, A. A. and Veness, J. and Bellemare, M. G. and Graves, A. and Riedmiller, M. and Fidjeland, A. K. and Ostrovski, G. and Petersen, S. and Beattie, C. and Sadik, A. and Antonoglou, I. and King, H. and Kumaran, D. and Wierstra, D. and Legg, S. and Hassabis, D. and Schultz, W. and Dayan, P. and Montague, P. R. and Blum, A. and Ligett, K. and Roth, A. and Duchi, J. and Jordan, M. I. and Wainwright, J. and Berthet, Q. and Rigollet, P. and Kleiner, A. and Talwalkar, A. and Sarkar, P. and Jordan, M. I. and Mahoney, M. and Taylor, M. and Stone, P. and Wehbe, L. and Murphy, B. and Talukdar, P. and Fyshe, A. and Ramdas, A. and Mitchell, T. and Blei, D.},
    number = {6245},
    pages = {255--60},
    volume = {349},
    url = {http://www.ncbi.nlm.nih.gov/pubmed/26185243%5Cnhttp://science.sciencemag.org/content/349/6245/255},
    isbn = {0036-8075, 0036-8075},
    doi = {10.1126/science.aaa8415},
    issn = {0036-8075},
    pmid = {26185243},
    arxivId = {arXiv:1011.1669v3}
}

@article{Engels2005,
    title = {{The science–policy interface}},
    year = {2005},
    journal = {The Integrated Assessment Journal},
    author = {Engels, Anita},
    number = {1},
    pages = {7--26},
    volume = {5},
    issn = {00368075}
}

@article{Bornmann2016,
    title = {{Policy documents as sources for measuring societal impact: how often is climate change research mentioned in policy-related documents?}},
    year = {2016},
    journal = {Scientometrics},
    author = {Bornmann, Lutz and Haunschild, Robin and Marx, Werner},
    number = {3},
    pages = {1477--1495},
    volume = {109},
    publisher = {Springer Netherlands},
    doi = {10.1007/s11192-016-2115-y},
    issn = {1588-2861},
    keywords = {Climate change,Policy documents,Altmetrics, climate change {\'{a}} policy, documents {\'{a}} altmetrics}
}

@article{Clark1999,
    title = {{The Global Environmental Assessment Project: Learning from Efforts to Link Science and Policy in an Interdependent World}},
    year = {1999},
    journal = {Acclimations},
    author = {Clark, William WC and Dickson, NM Nancy},
    pages = {6--7},
    volume = {8}
}

@article{Boyack2014,
    title = {{Creation of a highly detailed, dynamic, global model and map of science}},
    year = {2014},
    journal = {Journal of the Association for Information Science and Technology},
    author = {Boyack, K. W and Klavans, R},
    number = {4},
    pages = {670--685},
    volume = {65}
}

@article{Lemos2005,
    title = {{The co-production of science and policy in integrated climate assessments}},
    year = {2005},
    journal = {Global Environmental Change},
    author = {Lemos, Maria Carmen and Morehouse, Barbara J.},
    number = {1},
    pages = {57--68},
    volume = {15},
    isbn = {0959-3780},
    doi = {10.1016/j.gloenvcha.2004.09.004},
    issn = {09593780},
    keywords = {Integrated assessment, Iterative model, Stakeholder interaction, Usable science}
}

@article{Cash2001,
    title = {{From science to policy : assessing the assessment process}},
    year = {2001},
    journal = {Social Science Research Network},
    author = {Cash, David W and Clark, W C},
    number = {November},
    pages = {1--45},
    url = {http://www.ssrn.com/abstract=295570},
    isbn = {RWP01-045},
    doi = {10.2139/ssrn.295570},
    issn = {15565068}
}

@book{Pielke2007,
    title = {{The Honest Broker. Making Sense of Science in Policy and Politics}},
    year = {2007},
    author = {{Pielke}},
    publisher = {Cambridge University Press},
    address = {Cambridge}
}

@article{Grieneisen2011,
    title = {{The Current Status of Climate Change Research}},
    year = {2011},
    journal = {Nature Climate Change},
    author = {Grieneisen, Michael and Zhang, Minghua},
    pages = {72--73},
    volume = {1},
    doi = {10.1038/nclimate1093}
}

@article{Cash2014,
    title = {{Knowledge systems for sustainable development}},
    year = {2003},
    journal = {Proceedings of the National Academy of Sciences of the United States of America},
    author = {Cash, David W and Clark, William C and Alcock, Frank and Dickson, Nancy M and Eckley, Noelle and Guston, David H and J{\"{a}}ger, Jill and Mitchell, Ronald B and Cash, David W and Clark, William C and Alcock, Frank and Dickson, Nancy M and Eckley, Noelle and Guston, David H and Jager, Jill and Mitchelll, Ronald B},
    number = {14},
    pages = {8086--8091},
    volume = {100},
    doi = {10.1073/pnas.1231332100}
}

@article{Leydesdorff2015,
    title = {{Scientometrics}},
    year = {2015},
    journal = {International Encyclopedia of the Social {\&} Behavioral Sciences (Second Edition)},
    author = {Leydesdorff, Loet and Milojevi{\'{c}}, Staša},
    pages = {322--327},
    url = {http://www.sciencedirect.com/science/article/pii/B9780080970868850308},
    isbn = {978-0-08-097087-5},
    doi = {http://dx.doi.org/10.1016/B978-0-08-097086-8.85030-8},
    arxivId = {1208.4566},
    keywords = {Bibliometrics, Citation, Impact, Indicator, Library, Mapping, Research management, Science policy, Science studies, Scientometrics, Sociology of science, Visualization}
}

@article{Haunschild2016,
    title = {{Climate Change Research in View of Bibliometrics}},
    year = {2016},
    journal = {PLoS ONE},
    author = {Haunschild, Robin and Bornmann, Lutz and Marx, Werner},
    number = {7},
    pages = {1--19},
    volume = {11},
    doi = {10.1371/journal.pone.0160393}
}

@article{Saha2012b,
    title = {{Learning Evolving and Emerging Topics in Social Media: A Dynamic NMF approach with Temporal Regularization}},
    year = {2012},
    journal = {Acm Icwsdm},
    author = {Alsumait, Loulwah and Barbara, Daniel and Domeniconi, Carlotta},
    pages = {693--702},
    isbn = {9781450307475},
    doi = {10.1145/2124295.2124376},
    keywords = {Dictionary Learning, NMF, Time Series Analysis, Topic Models}
}

@article{Alsumait,
    title = {{On-Line LDA: Adaptive Topic Models for Mining Text Streams with Applications to Topic Detection and Tracking}},
    year = {2008},
    journal = {ACDM},
    author = {Alsumait, Loulwah and Domeniconi, Carlotta}
}

@article{Kowarsch2016,
    title = {{Scientific assessments to facilitate deliberative policy learning}},
    year = {2016},
    journal = {(in Press)},
    author = {Kowarsch, Martin and Garard, Jennifer and Riousset, Pauline and Lenzi, Dominic and Dorsch, Marcel and Knopf, Brigitte and Harrs, Jan-albrecht and Edenhofer, Ottmar},
    number = {December},
    pages = {1--35},
    volume = {2},
    publisher = {Nature Publishing Group},
    url = {http://dx.doi.org/10.1057/palcomms.2016.92},
    doi = {10.1057/palcomms.2016.92},
    issn = {2055-1045},
    keywords = {deliberative, democracy, policy learning, pragmatic-enlightened model, public policy analysis, science-policy interface, scientific assessment, sustainable development}
}

@article{Hoppe1999,
    title = {{Policy analysis, science and politics: from 'speaking truth to power' to 'making sense together'}},
    year = {1999},
    author = {Hoppe, Robert},
    number = {3},
    pages = {201--210},
    volume = {26}
}

@book{IPCC2014a,
    title = {{Climate Change 2014 - Mitigation of Climate Change: Contribution of Working Group III to the Fifth Assessment Rerport of the Intergovernmental Panel on Climate Change}},
    year = {2014},
    author = {{IPCC}},
    editor = {Edenhofer, Ottmar and Pichs-Madruga, R.P and Sokona, Y. and Farahani, E. and Kadner, S and Seyboth, K},
    publisher = {Cambridge University Press},
    address = {Cambridge}
}

@article{Peters2016,
    title = {{The 'best available science' to inform 1.5{${}^\circ$}C policy choices}},
    year = {2016},
    journal = {Nature Climate Change},
    author = {Peters, Glen P},
    number = {Equation 1},
    pages = {1--9},
    volume = {advance on},
    publisher = {Nature Publishing Group},
    url = {http://www.nature.com/nclimate/journal/vaop/ncurrent/full/nclimate3000.html},
    isbn = {1758-678X},
    doi = {10.1038/nclimate3000},
    issn = {1758-678X},
    keywords = {ambitious pledges must, business as usual, comment, exceed the benefits of, is an important, nion, soft power of reputation, the, to make and fulfil}
}

@book{Ringquist2013,
    title = {{Meta-Analysis for Public Management and Policy}},
    year = {2013},
    author = {Ringquist, Evan J},
    editor = {Anderson, Mary R.},
    publisher = {Jossey-Bass},
    address = {San Francisco}
}

@techreport{Allison2011,
    title = {{Quantitative Formalism}},
    year = {2011},
    booktitle = {Stanford Literary Lab Pamphlets},
    author = {Allison, Sarah and Heuser, Ryan and Jockers, Matthew and Moretti, Franco and Witmore, Michael},
    number = {1},
    isbn = {978-1-78168-084-1},
    issn = {0028-6060}
}

@article{Laney2001,
    title = {{META Delta}},
    year = {2001},
    journal = {Application Delivery Strategies},
    author = {Laney, Doug},
    number = {February 2001},
    pages = {4},
    volume = {949},
    isbn = {0950-5849},
    doi = {10.1016/j.infsof.2008.09.005},
    issn = {09505849},
    pmid = {11498596},
    arxivId = {arXiv:cond-mat/0402594v3},
    archivePrefix = {arXiv},
    eprint = {0402594v3},
    primaryClass = {cond-mat}
}

@article{Gandomi2015,
    title = {{Beyond the hype: Big data concepts, methods, and analytics}},
    year = {2015},
    journal = {International Journal of Information Management},
    author = {Gandomi, Amir and Haider, Murtaza},
    number = {2},
    pages = {137--144},
    volume = {35},
    publisher = {Elsevier Ltd},
    url = {http://dx.doi.org/10.1016/j.ijinfomgt.2014.10.007},
    isbn = {02684012},
    doi = {10.1016/j.ijinfomgt.2014.10.007},
    issn = {02684012},
    pmid = {1655112214},
    keywords = {Big data analytics, Big data definition, Predictive analytics, Unstructured data analytics}
}

@article{Moretti2015,
    title = {{Bankspeak : The Language of World Bank Reports, 1946-2012}},
    year = {2015},
    journal = {Pamphlets of the Standford Literary Lab},
    author = {Moretti, Franco and Pestre, Dominique},
    number = {9}
}

@article{Tvinnereim2016,
    title = {{Public perceptions of air pollution and climate change: different manifestations, similar causes, and concerns}},
    year = {2016},
    journal = {Climatic Change},
    author = {Tvinnereim, Endre and Liu, Xiaozi and Jamelske, Eric M.},
    pages = {1--14},
    publisher = {Climatic Change},
    url = {http://link.springer.com/10.1007/s10584-016-1871-2},
    isbn = {1058401618712},
    doi = {10.1007/s10584-016-1871-2},
    issn = {0165-0009}
}

@article{Jagarlamudi2009,
    title = {{Incorporating Lexical Priors into Topic Models}},
    year = {2009},
    journal = {Umiacsumdedu},
    author = {Jagarlamudi, Jagadeesh and Daum, Hal},
    pages = {204--213},
    url = {http://www.umiacs.umd.edu/~jags/pdfs/SeededLDA.pdf},
    isbn = {978-1-937284-19-0}
}

@article{Greene2016,
    title = {{Exploring the Political Agenda of the European Parliament Using a Dynamic Topic Modeling Approach}},
    year = {2016},
    author = {Greene, Derek and Cross, James P},
    pages = {1--47},
    url = {http://arxiv.org/abs/1607.03055},
    arxivId = {1607.03055}
}

@article{Kuang,
    title = {{Fast Rank-2 Nonnegative Matrix Factorization for Hierarchical Document Clustering}},
    author = {Kuang, Da and Park, Haesun},
    keywords = {Experimentation, Performance Keywords Active-set algorithm, hierarchical document clustering, non-negative matrix factorization, rank-2 NMF}
}

@article{Lee1999,
    title = {{Learning the parts of objects by non-negative matrix factorization.}},
    year = {1999},
    journal = {Nature},
    author = {Lee, D D and Seung, H S},
    number = {6755},
    pages = {788--91},
    volume = {401},
    url = {http://www.ncbi.nlm.nih.gov/pubmed/10548103},
    isbn = {0028-0836 (Print){\textbackslash}r0028-0836 (Linking)},
    doi = {10.1038/44565},
    issn = {0028-0836},
    pmid = {10548103},
    arxivId = {arXiv:1408.1149},
    keywords = {Algorithms, Face, Humans, Learning, Models, Neurological, Perception, Perception: physiology, Semantics}
}

@article{Wu2008,
    title = {{Social and Semantics Analysis Via Non-negative Matrix}},
    year = {2008},
    journal = {Www 2008},
    author = {Wu, Zhi-li and Cheng, Chi-wa and Li, Chun-hung},
    pages = {1245--1246},
    isbn = {9781605580852},
    doi = {10.1145/1367497.1367748},
    keywords = {latent inter-, latent topic detection, social network analysis}
}

@article{Janowicz2014,
    title = {{Knowledge Engineering and Knowledge Management 19th International Conference, EKAW 2014 Link??ping, Sweden, November 24-28, 2014 Proceedings}},
    year = {2014},
    journal = {Lecture Notes in Computer Science (including subseries Lecture Notes in Artificial Intelligence and Lecture Notes in Bioinformatics)},
    author = {Janowicz, Krzysztof and Schlobach, Stefan and Lambrix, Patrick and Hyv{\"{o}}nen, Eero},
    volume = {8876},
    isbn = {9783319137032},
    doi = {10.1007/978-3-319-13704-9},
    issn = {16113349}
}

@article{Light2016a,
    title = {{Knowledge in motion: the evolution of HIV/AIDS research}},
    year = {2016},
    journal = {Scientometrics},
    author = {Light, Ryan and Adams, Jimi},
    number = {3},
    pages = {1227--1248},
    volume = {107},
    publisher = {Springer Netherlands},
    doi = {10.1007/s11192-016-1933-2},
    issn = {15882861},
    keywords = {Dynamic networks, HIV/AIDS research, Interdisciplinarity, Topic models}
}

@article{Nunez-Mir2015,
    title = {{Evaluating the evolution of forest restoration research in a changing world: a "big literature" review}},
    year = {2015},
    journal = {New Forests},
    author = {Nunez-Mir, Gabriela C. and Iannone, Basil V. and Curtis, Keeli and Fei, Songlin},
    number = {5-6},
    pages = {669--682},
    volume = {46},
    publisher = {Springer Netherlands},
    isbn = {1105601595},
    doi = {10.1007/s11056-015-9503-7},
    issn = {15735095},
    keywords = {Automated content analysis (ACA), Big literature, Biodiversity, Cyclic development, Degraded, Literature review}
}

@article{Bettencourt2011a,
    title = {{Evolution and structure of sustainability science}},
    year = {2011},
    journal = {Proceedings of the National Academy of Sciences},
    author = {Bettencourt, Luís M A and Kaur, Jasleen},
    number = {49},
    pages = {19540--19545},
    volume = {108},
    url = {http://www.pnas.org/content/early/2011/11/22/1102712108.abstract},
    isbn = {1102712108},
    doi = {10.1073/pnas.1102712108},
    issn = {0027-8424, 1091-6490},
    pmid = {22114186}
}

@article{DeSollaPrice1963,
    title = {{Little Science, Big Science}},
    year = {1963},
    author = {De Solla Price, Derek J.},
    pages = {1--119},
    isbn = {0-231-08562-1}
}

@article{Siebenhuner2002,
    title = {{How do scientific assessments learn? Part 1. Conceptual framework and case study of the IPCC}},
    year = {2002},
    journal = {Environmental Science and Policy},
    author = {Siebenh{\"{u}}ner, Bernd},
    number = {5},
    pages = {411--420},
    volume = {5},
    isbn = {1462-9011},
    doi = {10.1016/S1462-9011(02)00050-3},
    issn = {14629011},
    keywords = {IPCC, LRTAP, Organisational learning, Scientific assessment}
}

@article{Smith2006,
    title = {{Evaluation of unsupervised semantic mapping of natural language with Leximancer concept mapping.}},
    year = {2006},
    journal = {Behavior research methods},
    author = {Smith, Andrew E and Humphreys, Michael S},
    number = {2},
    pages = {262--79},
    volume = {38},
    url = {http://www.ncbi.nlm.nih.gov/pubmed/16956103},
    isbn = {1554-351X},
    doi = {10.3758/bf03192778},
    issn = {1554-351X},
    pmid = {16956103},
    keywords = {Equipment Design, Humans, Language, Linguistics, Linguistics: instrumentation, Semantics}
}

@article{Smith2003,
    title = {{Automatic Extraction of Semantic Networks from Text using Leximancer}},
    year = {2003},
    journal = {Hlt-Naacl 2003},
    author = {Smith, Andrew E},
    number = {June},
    pages = {23--24},
    doi = {10.3115/1073427.1073439},
    keywords = {Leximancer, Methodology}
}

@article{Ward2013,
    title = {{Undefined By Data: A Survey of Big Data Definitions}},
    year = {2013},
    journal = {arXiv.org},
    author = {Ward, Jonathan Stuart and Barker, Adam},
    pages = {2},
    url = {http://arxiv.org/abs/1309.5821%5Cnpapers3://publication/uuid/63831F5F-B214-46D5-8A86-671042BE993F},
    isbn = {9781612083957},
    arxivId = {1309.5821},
    keywords = {Big Data}
}

@article{Scholz2011,
    title = {{Environmental Literacy in Science and Society}},
    year = {2011},
    journal = {Environmental Literacy in Science and Society: From Knowledge to Decisions},
    author = {Scholz, Roland W.},
    number = {January 2011},
    pages = {15--28},
    url = {http://www.scopus.com/inward/record.url?eid=2-s2.0-84930882370&partnerID=tZOtx3y1},
    isbn = {9780511921520},
    doi = {10.1017/CBO9780511921520},
    issn = {1943-815X},
    pmid = {16691326}
}

@book{Scholz2016,
    title = {{Sustainable digital environments: What major challenges is humankind facing?}},
    year = {2016},
    booktitle = {Sustainability (Switzerland)},
    author = {Scholz, Roland W.},
    number = {8},
    pages = {1--31},
    volume = {8},
    isbn = {4327228932330},
    doi = {10.3390/su8080726},
    issn = {20711050},
    keywords = {Appropriation of nature, Cell-based computers, Cell-based computing, Digital revolution, Digital threats, Environmental epigenetics, Genetically modified organisms (GMO), Loss of privacy, Rebound effects}
}

@article{Kirby2012,
    title = {{Current Research on Cities and its contribution to urban studies}},
    year = {2012},
    journal = {Cities},
    author = {Kirby, Andrew},
    number = {SUPPL. 1},
    pages = {S3-S8},
    volume = {29},
    publisher = {Elsevier Ltd},
    url = {http://dx.doi.org/10.1016/j.cities.2011.12.004},
    isbn = {0264-2751},
    doi = {10.1016/j.cities.2011.12.004},
    issn = {02642751},
    keywords = {Bibliometrics, Cities, Digital information transfer, Editorial processes, Urban studies}
}

@article{Karakosta2016,
    title = {{Managing climate policy information facilitating knowledge transfer to policy makers}},
    year = {2016},
    journal = {Energies},
    author = {Karakosta, Charikleia and Flamos, Alexandros},
    number = {6},
    pages = {1--16},
    volume = {9},
    doi = {10.3390/en9060454},
    issn = {19961073},
    keywords = {Architectural knowledge retrieval, Climate change, International and European climate policy, Knowledge transfer, Ontology, Resource description framework}
}

@inproceedings{ISI:000376071400096,
    title = {{Effect of treatment on the microstructural characteristics of bio-improved sand}},
    year = {2015},
    booktitle = {DEFORMATION CHARACTERISTICS OF GEOMATERIALS},
    author = {Terzis, Dimitrios and Laloui, Lyesse},
    editor = {{Rinaldi, VA and Zeballos, ME and Claria, JJ}},
    pages = {970--977},
    series = {Advances in Soil Mechanics and Geotechnical Engineering},
    volume = {6},
    isbn = {978-1-61499-601-9; 978-1-61499-600-2},
    doi = {10.3233/978-1-61499-601-9-970}
}

@inproceedings{ISI:000298299706004,
    title = {{Sayindere cap rock integrity during possible CO2 sequestration in Turkey}},
    year = {2011},
    booktitle = {10TH INTERNATIONAL CONFERENCE ON GREENHOUSE GAS CONTROL TECHNOLOGIES},
    author = {Dalkhaa, Chantsalmaa and Okandan, Ender},
    editor = {{Gale, J and Hendriks, C and Turkenberg, W}},
    pages = {5350--5357},
    series = {Energy Procedia},
    volume = {4},
    doi = {10.1016/j.egypro.2011.02.517},
    issn = {1876-6102}
}

@inproceedings{ISI:000361211503028,
    title = {{Laboratory experiments for the assessment of the physical and chemical impact of potential CO2 seepage on seawater and freshwater environments}},
    year = {2014},
    booktitle = {12TH INTERNATIONAL CONFERENCE ON GREENHOUSE GAS CONTROL TECHNOLOGIES, GHGT-12},
    author = {Caramanna, Giorgio and Andre, Noemie and Dikova, Mariya P and Rennie, Cameron and Maroto-Valer, M Mercedes},
    editor = {{Dixon, T and Herzog, H and Twinning, S}},
    pages = {3138--3148},
    series = {Energy Procedia},
    volume = {63},
    doi = {10.1016/j.egypro.2014.11.339},
    issn = {1876-6102}
}

@inproceedings{ISI:000321664000125,
    title = {{Review on the role of terrestrial aquatic photosynthesis in the global carbon cycle}},
    year = {2013},
    booktitle = {PROCEEDINGS OF THE FOURTEENTH INTERNATIONAL SYMPOSIUM ON WATER-ROCK INTERACTION, WRI 14},
    author = {Liu, Zaihua},
    editor = {{Hellmann, R and Pitsch, H}},
    pages = {513--516},
    series = {Procedia Earth and Plantetary Science},
    volume = {7},
    organization = {Int Assoc Geochemistry; Int Assoc Geochemistry (IAGC), Water Rock Interact Working Grp; French Geol Survey (BRGM); French Alternat Energies {\&} Atom Energy Commiss (CEA); French Inst Radioprotect {\&} Nucl Safety (IRSN); US Army Engineer Res {\&} Dev Ctr},
    doi = {10.1016/j.proeps.2013.03.003},
    issn = {1878-5220}
}

@article{ISI:000386784800005,
    title = {{Laboratory-scale model of carbon dioxide deposition for soil stabilisation}},
    year = {2016},
    journal = {JOURNAL OF ROCK MECHANICS AND GEOTECHNICAL ENGINEERING},
    author = {Fasihnikoutalab, Mohammad Hamed and Asadi, Afshin and Huat, Bujang Kim and Westgate, Paul and Ball, Richard J and Pourakbar, Shahram},
    number = {2},
    month = {4},
    pages = {178--186},
    volume = {8},
    doi = {10.1016/j.jrmge.2015.11.001},
    issn = {1674-7755}
}

@inproceedings{ISI:000345407200059,
    title = {{The overlooked compartment of the critical-zone-complex, considering the evolution of future geogenic matter fluxes: Agricultural topsoils}},
    year = {2014},
    booktitle = {GEOCHEMISTRY OF THE EARTH'S SURFACE GES-10},
    author = {Weiss, Andreas and Hartmann, Jens and Struyf, Eric and Schoelynck, Jonas and Meire, Patrick and Amann, Thorben},
    editor = {{Gaillardet, J}},
    pages = {339--342},
    series = {Procedia Earth and Planetary Science},
    volume = {10},
    organization = {Int Assoc Geochemistry; Inst Physique Globe Paris},
    doi = {10.1016/j.proeps.2014.08.032},
    issn = {1878-5220}
}

@inproceedings{ISI:000276074404125,
    title = {{Electrochemical acceleration of chemical weathering for carbon capture and sequestration}},
    year = {2009},
    booktitle = {GREENHOUSE GAS CONTROL TECHNOLOGIES 9},
    author = {House, Kurt Zenz and House, Christopher H and Schrag, Daniel P and Aziz, Michael J},
    editor = {{Gale, J and Herzog, H and Braitsch, J}},
    number = {1},
    pages = {4953--4960},
    series = {Energy Procedia},
    volume = {1},
    doi = {10.1016/j.egypro.2009.02.327},
    issn = {1876-6102}
}

@inproceedings{ISI:000337963900061,
    title = {{Assessment of Carbon Capture Options for Super-Critical Coal-based Power Plants}},
    year = {2013},
    booktitle = {16TH INTERNATIONAL CONFERENCE ON PROCESS INTEGRATION, MODELLING AND OPTIMISATION FOR ENERGY SAVING AND POLLUTION REDUCTION (PRES'13)},
    author = {Cormos, Calin-Cristian and Cormos, Ana-Maria and Agachi, Paul Serban},
    editor = {{Varbanov, P and Klemes, JJ and Seferlis, P and Papadopoulos, AI and Voutetakis, S and Pierucci, S}},
    pages = {367--372},
    series = {Chemical Engineering Transactions},
    volume = {35},
    organization = {Aristotle Univ Thessaloniki, Dept Mech Engn; Ctr Res {\&} Technol Hellas, Chem Proc {\&} Engergy Resources Inst},
    isbn = {978-88-95608-26-6},
    doi = {10.3303/CET1335061},
    issn = {1974-9791}
}

@inproceedings{ISI:000337169400037,
    title = {{Soil Carbon Management and Climate Change}},
    year = {2014},
    booktitle = {SOIL CARBON},
    author = {Lal, Rattan},
    editor = {{Hartemink, AE and McSweeney, K}},
    pages = {339--361},
    series = {Progress in Soil Science},
    organization = {Int Union Soil Sci; Univ Wisconsin, Coll Agr {\&} Life Sci, Dept Soil Sci},
    isbn = {978-3-319-04084-4; 978-3-319-04083-7},
    doi = {10.1007/978-3-319-04084-4{\_}35}
}

@inproceedings{ISI:000320828200061,
    title = {{Research on carbon source effect of Guangxi typical carbonate rock area by acid rain}},
    year = {2013},
    booktitle = {PROGRESS IN ENVIRONMENTAL PROTECTION AND PROCESSING OF RESOURCE, PTS 1-4},
    author = {Yu, Shi and Yang, Hui},
    editor = {{Tang, X and Zhong, W and Zhuang, D and Li, C and Liu, Y}},
    pages = {314--321},
    series = {Applied Mechanics and Materials},
    volume = {295-298},
    organization = {Guangdong Univ Business Studies},
    isbn = {978-3-03785-649-9},
    doi = {10.4028/www.scientific.net/AMM.295-298.314},
    issn = {1660-9336}
}

@article{Berrang-Ford2015,
    title = {{Systematic review approaches for climate change adaptation research}},
    year = {2015},
    journal = {Regional Environmental Change},
    author = {Berrang-Ford, Lea and Pearce, Tristan and Ford, James D.},
    number = {5},
    pages = {755--769},
    volume = {15},
    publisher = {Springer Berlin Heidelberg},
    url = {http://dx.doi.org/10.1007/s10113-014-0708-7},
    isbn = {1011301407},
    doi = {10.1007/s10113-014-0708-7},
    issn = {1436378X},
    keywords = {Adaptation, Climate change, Human dimensions of climate change, Realist review, Research synthesis, Social sciences, Systematic review, Vulnerability}
}

@article{Kates2011,
    title = {{What kind of a science is sustainability science?}},
    year = {2011},
    journal = {Proceedings of the National Academy of Sciences},
    author = {Kates, R. W.},
    number = {49},
    pages = {19449--19450},
    volume = {108},
    isbn = {0027-8424{\textbackslash}r1091-6490},
    doi = {10.1073/pnas.1116097108},
    issn = {0027-8424},
    pmid = {22114189}
}

@article{Kajikawa2007a,
    title = {{Creating an academic landscape of sustainability science: An analysis of the citation network}},
    year = {2007},
    journal = {Sustainability Science},
    author = {Kajikawa, Yuya and Ohno, Junko and Takeda, Yoshiyuki and Matsushima, Katsumori and Komiyama, Hiroshi},
    number = {2},
    pages = {221--231},
    volume = {2},
    isbn = {1162500700},
    doi = {10.1007/s11625-007-0027-8},
    issn = {18624065},
    keywords = {Citation network, Network analysis, Overview map, Research on research, Sustainability science}
}

@article{Study2015,
    title = {{Sustainability Science in a Global Landscape}},
    year = {2015},
    author = {Study, Advanced}
}

@book{Hassan2014,
    title = {{A bibliometric study of the world's research activity in sustainable development and its sub-areas using scientific literature}},
    year = {2014},
    booktitle = {Scientometrics},
    author = {Hassan, Saeed Ul and Haddawy, Peter and Zhu, Jia},
    number = {2},
    pages = {549--579},
    volume = {99},
    isbn = {0138-9130},
    doi = {10.1007/s11192-013-1193-3},
    issn = {01389130},
    keywords = {Bibliometrics, Interdisciplinary research fields, Sustainable development}
}

@book{Houghton1990,
    title = {{Climate Change The IPCC Scientific Assessment}},
    year = {1990},
    booktitle = {IPCC},
    author = {Houghton, J. T. and Jenkins, G. J. and Ephraums, J. J.},
    number = {1},
    pages = {414},
    volume = {1},
    url = {https://www.ipcc.ch/ipccreports/far/wg_I/ipcc_far_wg_I_full_report.pdf},
    isbn = {0-521-40720-6},
    doi = {10.1097/MOP.0b013e3283444c89},
    issn = {1040-8703},
    pmid = {21412082}
}

@article{Thor2016,
    title = {{Introducing CitedReferencesExplorer (CRExplorer): A program for reference publication year spectroscopy with cited references standardization}},
    year = {2016},
    journal = {Journal of Informetrics},
    author = {Thor, Andreas and Marx, Werner and Leydesdorff, Loet and Bornmann, Lutz},
    number = {2},
    pages = {503--515},
    volume = {10},
    doi = {10.1016/j.joi.2016.02.005},
    issn = {18755879},
    arxivId = {1601.01199},
    keywords = {CRExplorer, Citation analysis, CitedReferencesExplorer, Reference publication year spectroscopy}
}

@article{Lim2014,
    title = {{Twitter Opinion Topic Model: Extracting Product Opinions from Tweets by Leveraging Hashtags and Sentiment Lexicon}},
    year = {2014},
    journal = {Proceedings of the 23rd ACM International {\ldots}},
    author = {Lim, Kw and Buntine, W},
    pages = {1319--1328},
    url = {http://dl.acm.org/citation.cfm?id=2662005},
    isbn = {9781450325981},
    doi = {10.1145/2661829.2662005},
    arxivId = {1609.06578},
    keywords = {emoticons, opinion mining, prod-, sentiment analysis, sentiment lexicon, topic modeling, twitter, uct review}
}

@article{Brouwer,
    title = {{Probabilistic non-negative matrix factorisation and extensions}},
    author = {Brouwer, Thomas A},
    pages = {1--35}
}

@article{Paisley2015,
    title = {{Bayesian nonnegative matrix factorization with stochastic variational inference}},
    year = {2015},
    journal = {Handbook of Mixed Membership Models and Their Applications},
    author = {Paisley, J and Blei, DM and Jordan, MI},
    number = {Mcmc},
    pages = {205–224},
    url = {http://www.people.fas.harvard.edu/~airoldi/pub/books/b02.AiroldiBleiEroshevaFienberg2014HandbookMMM/Ch11_MMM2014.pdf}
}

@article{Shi2009,
    title = {{The impact of boundary spanning scholarly publications and patents}},
    year = {2009},
    journal = {PLoS ONE},
    author = {Shi, Xiaolin and Adamic, Lada A. and Tseng, Belle L. and Clarkson, Gavin S.},
    number = {8},
    volume = {4},
    isbn = {1932-6203 (Electronic){\textbackslash}r1932-6203 (Linking)},
    doi = {10.1371/journal.pone.0006547},
    issn = {19326203},
    pmid = {19688087}
}

@article{Minx2017b,
    title = {{Big Literature in Climate Change}},
    year = {2017},
    author = {Minx, Jan C}
}

@article{Minx2017c,
    title = {{Fast growing research on negative emissions}},
    year = {2017},
    journal = {Environmental Research Letters},
    author = {Minx, Jan C and Lamb, William F and Callaghan, Max W and Bornmann, Lutz and Fuss, Sabine},
    number = {3},
    month = {3},
    pages = {035007},
    volume = {12},
    publisher = {IOP Publishing},
    url = {http://stacks.iop.org/1748-9326/12/i=3/a=035007?key=crossref.1ecf0ae0dad0af77d44bfc8a1c34e146},
    doi = {10.1088/1748-9326/aa5ee5},
    issn = {1748-9326}
}

@article{Cohen1960,
    title = {{{\&}Dquo;Two-Legged}},
    year = {1960},
    author = {Cohen, Jacob},
    number = {1},
    pages = {37--46},
    volume = {XX},
    doi = {https://doi.org/10.1177/001316446002000104}
}

@article{Grimmer2010,
    title = {{A Bayesian hierarchical topic model for political texts: Measuring expressed agendas in senate press releases}},
    year = {2010},
    journal = {Political Analysis},
    author = {Grimmer, Justin},
    number = {1},
    pages = {1--35},
    volume = {18},
    doi = {10.1093/pan/mpp034},
    issn = {10471987}
}

@article{Grimmer2013,
    title = {{Text as data: The promise and pitfalls of automatic content analysis methods for political texts}},
    year = {2013},
    journal = {Political Analysis},
    author = {Grimmer, Justin and Stewart, Brandon M.},
    number = {3},
    pages = {267--297},
    volume = {21},
    isbn = {1047-1987},
    doi = {10.1093/pan/mps028},
    issn = {14764989},
    arxivId = {cs/9605103}
}

@article{Minx2017l,
    title = {{Learning about climate change solutions in the IPCC and beyond}},
    year = {2017},
    journal = {Environmental Science {\&} Policy},
    author = {Minx, Jan C. and Callaghan, Max and Lamb, William F. and Garard, Jennifer and Edenhofer, Ottmar},
    url = {http://www.sciencedirect.com/science/article/pii/S1462901117305464},
    doi = {10.1016/j.envsci.2017.05.014},
    issn = {14629011}
}

@article{Lamb2017,
    title = {{The literature landscape on 1.5{${}^\circ$}C Climate Change and Cities}},
    year = {2017},
    author = {Lamb, William F. and Callaghan, Max W and Creutzig, F. and Khosla, R. and Minx, Jan C.}
}

@article{Minx2017,
    title = {{The dynamic landscape of sustainability science}},
    year = {2017},
    journal = {Nature Sustainability},
    author = {Minx, Jan C. and Callaghan, Max W and Creutzig, F. and Hilaire, Jerome and Lamb, William F.}
}

@article{Callaghan2017,
    title = {{A topography of climate change literature}},
    year = {2017},
    author = {Callaghan, Max W and Hilaire, Jerome and Lamb, William F. and Minx, Jan C.}
}

@article{Minx2017a,
    title = {{Negative emissions: Part 1 – research landscape and synthesis}},
    year = {2017},
    author = {Minx, Jan C. and Callaghan, Max W and Creutzig, F. and Fuss, Sabine and Hilaire, Jerome and Lamb, William F.}
}

@article{Roberts2014,
    title = {{Navigating the Local Modes of Big Data : The Case of Topic Models}},
    year = {2014},
    journal = {Scholar.Harvard.Edu},
    author = {Roberts, Me and Stewart, Bm and Tingley, Dustin},
    url = {http://scholar.harvard.edu/files/dtingley/files/multimod.pdf}
}

@article{OCallaghan2015,
    title = {{An analysis of the coherence of descriptors in topic modeling}},
    year = {2015},
    journal = {Expert Systems with Applications},
    author = {O'Callaghan, Derek and Greene, Derek and Carthy, Joe and Cunningham, P??draig},
    number = {13},
    pages = {5645--5657},
    volume = {42},
    isbn = {0957-4174},
    doi = {10.1016/j.eswa.2015.02.055},
    issn = {09574174},
    keywords = {LDA, NMF, Topic coherence, Topic modeling}
}

@article{Larkin2017,
    title = {{What if negative emission technologies fail at scale? Implications of the Paris Agreement for big emitting nations}},
    year = {2017},
    journal = {Climate Policy},
    author = {Larkin, Alice and Kuriakose, Jaise and Sharmina, Maria and Anderson, Kevin},
    number = {August},
    pages = {1--25},
    volume = {3062},
    url = {http://www.tandfonline.com/doi/abs/10.1080/14693062.2017.1346498},
    doi = {10.1080/14693062.2017.1346498},
    issn = {1469-3062}
}

@article{Wang2015,
    title = {{Atmospheric ammonia and its impacts on regional air quality over the megacity of Shanghai, China.}},
    year = {2015},
    journal = {Scientific reports},
    author = {Wang, Shanshan and Nan, Jialiang and Shi, Chanzhen and Fu, Qingyan and Gao, Song and Wang, Dongfang and Cui, Huxiong and Saiz-Lopez, Alfonso and Zhou, Bin},
    number = {October},
    pages = {15842},
    volume = {5},
    publisher = {Nature Publishing Group},
    url = {http://www.pubmedcentral.nih.gov/articlerender.fcgi?artid=4626789&tool=pmcentrez&rendertype=abstract},
    isbn = {2045-2322},
    doi = {10.1038/srep15842},
    issn = {2045-2322},
    pmid = {26514559},
    arxivId = {15334406}
}

@article{Lelieveld2015,
    title = {{The contribution of outdoor air pollution sources to premature mortality on a global scale.}},
    year = {2015},
    journal = {Nature},
    author = {Lelieveld, J and Evans, J S and Fnais, M and Giannadaki, D and Pozzer, A},
    number = {7569},
    pages = {367--71},
    volume = {525},
    url = {http://www.ncbi.nlm.nih.gov/pubmed/26381985},
    isbn = {0028-0836},
    doi = {10.1038/nature15371},
    issn = {1476-4687},
    pmid = {26381985},
    arxivId = {arXiv:1011.1669v3}
}

@article{Leip2015,
    title = {{Impacts of European livestock production: nitrogen, sulphur, phosphorus and greenhouse gas emissions, land-use, water eutrophication and biodiversity}},
    year = {2015},
    journal = {Environmental Research Letters},
    author = {Leip, a and Billen, G and Garnier, J and Grizzetti, B and Lassaletta, L and Reis, S and Simpson, D and Sutton, M a and de Vries, W and Weiss, F and Westhoek, H},
    number = {11},
    pages = {115004},
    volume = {10},
    publisher = {IOP Publishing},
    url = {http://stacks.iop.org/1748-9326/10/i=11/a=115004?key=crossref.b8ce885804d5c860e008c03ed18e7ab8},
    isbn = {1748-9318},
    doi = {10.1088/1748-9326/10/11/115004},
    issn = {1748-9326},
    keywords = {European Union, air quality, biodiversity loss, climate change, coastal eutrophication, livestock production, soil acidification}
}

@article{Backes2016,
    title = {{Ammonia emissions in Europe, part II: How ammonia emission abatement strategies affect secondary aerosols}},
    year = {2016},
    journal = {Atmospheric Environment},
    author = {Backes, Anna M. and Aulinger, Armin and Bieser, Johannes and Matthias, Volker and Quante, Markus},
    pages = {153--161},
    volume = {126},
    publisher = {Elsevier Ltd},
    url = {http://dx.doi.org/10.1016/j.atmosenv.2015.11.039},
    isbn = {1352-2310},
    doi = {10.1016/j.atmosenv.2015.11.039},
    issn = {18732844},
    keywords = {Agricultural emissions, Ammonia, Ammonia abatement strategies, Animal husbandry, CTM, Emission modelling, SOA formations, Scenario study}
}

@article{Lee2015,
    title = {{Response of global particulate-matter-related mortality to changes in local precursor emissions}},
    year = {2015},
    journal = {Environmental Science and Technology},
    author = {Lee, Colin J. and Martin, Randall V. and Henze, Daven K. and Brauer, Michael and Cohen, Aaron and Donkelaar, Aaron Van},
    number = {7},
    pages = {4335--4344},
    volume = {49},
    isbn = {1520-5851 (Electronic){\textbackslash}r0013-936X (Linking)},
    doi = {10.1021/acs.est.5b00873},
    issn = {15205851},
    pmid = {25730303}
}

@article{Nowviskie2015,
    title = {{Digital humanities in the Anthropocene}},
    year = {2015},
    journal = {Digital Scholarship in the Humanities},
    author = {Nowviskie, Bethany},
    number = {June},
    pages = {i4-i15},
    volume = {30},
    doi = {10.1093/llc/fqv015},
    issn = {2055768X}
}

@article{Freeman1978,
    title = {{Centrality in Social Networks}},
    year = {1978},
    journal = {Social Networks},
    author = {Freeman, Linton C},
    number = {1968},
    pages = {215--239},
    volume = {1},
    isbn = {0378-8733},
    doi = {10.1016/0378-8733(78)90021-7},
    issn = {03788733},
    pmid = {1772},
    arxivId = {cond-mat/0112110}
}

@article{Janko2017,
    title = {{Is climate change controversy good for science? IPCC and contrarian reports in the light of bibliometrics}},
    year = {2017},
    journal = {Scientometrics},
    author = {Jank{\'{o}}, Ferenc and Papp Vancs{\'{o}}, Judit and M{\'{o}}ricz, Norbert},
    number = {3},
    pages = {1745--1759},
    volume = {112},
    doi = {10.1007/s11192-017-2440-9},
    issn = {15882861},
    keywords = {Climate change controversy, Climate scepticism, IPCC, Lead authors, Peer reviewed journals}
}

@article{Roberts2014a,
    title = {{Structural topic models for open-ended survey responses}},
    year = {2014},
    journal = {American Journal of Political Science},
    author = {Roberts, Margaret E. and Stewart, Brandon M. and Tingley, Dustin and Lucas, Christopher and Leder-Luis, Jetson and Gadarian, Shana Kushner and Albertson, Bethany and Rand, David G.},
    number = {4},
    pages = {1064--1082},
    volume = {58},
    isbn = {0092-5853},
    doi = {10.1111/ajps.12103},
    issn = {15405907},
    pmid = {25246403},
    arxivId = {arXiv:1011.1669v3}
}

@article{VanderHel2016,
    title = {{The authority of science in sustainability governance: A structured comparison of six science institutions engaged with the Sustainable Development Goals}},
    year = {2016},
    journal = {Environmental Science and Policy},
    author = {van der Hel, Sandra and Biermann, Frank},
    number = {May},
    pages = {211--220},
    volume = {77},
    publisher = {Elsevier},
    url = {http://dx.doi.org/10.1016/j.envsci.2017.03.008},
    isbn = {14629011 (ISSN)},
    doi = {10.1016/j.envsci.2017.03.008},
    issn = {18736416},
    keywords = {Authority of science, Credibility, Governance, Legitimacy, Salience, Sustainable development goals (SDGs)}
}

@article{El-Assady2016,
    title = {{ConToVi: Multi-Party Conversation Exploration using Topic-Space Views}},
    year = {2016},
    journal = {Computer Graphics Forum},
    author = {El-Assady, Mennatallah and Gold, Valentin and Acevedo, Carmela and Collins, Christopher and Keim, Daniel},
    number = {3},
    pages = {431--440},
    volume = {35},
    doi = {10.1111/cgf.12919},
    issn = {14678659}
}

@article{Grubert2017,
    title = {{Implicit prioritization in life cycle assessment: text mining and detecting metapatterns in the literature}},
    year = {2017},
    journal = {International Journal of Life Cycle Assessment},
    author = {Grubert, Emily},
    number = {2},
    pages = {148--158},
    volume = {22},
    doi = {10.1007/s11367-016-1153-2},
    issn = {16147502},
    keywords = {Environmental impact, Life cycle assessment, Methodology, Prioritization, Text mining, Topic model, Weighting}
}

@article{Roberts2016,
    title = {{A Model of Text for Experimentation in the Social Sciences}},
    year = {2016},
    journal = {Journal of the American Statistical Association},
    author = {Roberts, Margaret E and Stewart, Brandon M and Airoldi, Edoardo M},
    number = {515},
    pages = {988--1003},
    volume = {111},
    url = {http://dx.doi.org/10.1080/01621459.2016.1141684},
    doi = {10.1080/01621459.2016.1141684},
    issn = {0162-1459},
    keywords = {0162-1459, 1537-274x, Causal inference,Experimentation,High-dimensional, High-dimensional, a model of text, com, for experimentation in the, http, issn, journal homepage, loi, online, print, rnal of the american, social, statistical association, tandfonline, uasa20, www}
}

@book{Miller2014,
    title = {{Reconstructing sustainability science: Knowledge and action for a sustainable future}},
    year = {2014},
    booktitle = {Reconstructing Sustainability Science: Knowledge and Action for a Sustainable Future},
    author = {Miller, T.R.},
    isbn = {9780203383902},
    doi = {10.4324/9780203383902}
}

@article{Baral2010,
    title = {{Logic programming for finding models in the logics of knowledge and its applications: A case study}},
    year = {2010},
    journal = {(ICLP 2010) Theory and Practice of Logic Programming},
    author = {Baral, Chitta and Gelfond, G. and Pontelli, E. and Son, Tran Cao},
    number = {4-6},
    pages = {675–690},
    volume = {10},
    url = {http://journals.cambridge.org/abstract_S1471068410000359},
    doi = {10.1017/xxxx},
    issn = {1471-0684},
    arxivId = {1007.3700},
    keywords = {modal logics, multi-agents, planning}
}

@article{Ward1983,
    title = {{Carbon dioxide sorption studies on magnesium oxide}},
    year = {1983},
    journal = {Thermochimica Acta},
    author = {Ward, S. M. and Braslaw, J. and Gealer, R. L.},
    number = {1-2},
    pages = {107--114},
    volume = {64},
    doi = {10.1016/0040-6031(83)80133-6},
    issn = {00406031}
}

@article{Dunn2017,
    title = {{Policy-makers perspectives on credibility, relevance and legitimacy (CRELE)}},
    year = {2017},
    journal = {Environmental Science and Policy},
    author = {Dunn, Gemma and Laing, Matthew},
    number = {July},
    pages = {146--152},
    volume = {76},
    publisher = {Elsevier},
    url = {http://dx.doi.org/10.1016/j.envsci.2017.07.005},
    doi = {10.1016/j.envsci.2017.07.005},
    issn = {18736416},
    keywords = {Credibility, Legitimacy, Policy process, Relevance, Science-policy interface}
}

@article{Cash2002,
    title = {{Salience, Credibility, Legitimacy and Boundaries: Linking Research, Assessment and Decision Making}},
    year = {2002},
    journal = {SSRN Electronic Journal},
    author = {Cash, David and Clark, William C. and Alcock, Frank and Dickson, Nancy and Eckley, Noelle and J�ger, Jill},
    url = {http://www.ssrn.com/abstract=372280},
    isbn = {RWP02-046},
    doi = {10.2139/ssrn.372280},
    issn = {1556-5068}
}

@article{Giebels2016,
    title = {{Knowledge governance for ecosystem-based management: Understanding its context-dependency}},
    year = {2016},
    journal = {Environmental Science and Policy},
    author = {Giebels, Diana and van Buuren, Arwin and Edelenbos, Jurian},
    number = {October},
    pages = {424--435},
    volume = {55},
    publisher = {Elsevier Ltd},
    url = {http://dx.doi.org/10.1016/j.envsci.2015.08.019},
    isbn = {1462-9011},
    doi = {10.1016/j.envsci.2015.08.019},
    issn = {18736416},
    keywords = {Complex decision-making, Context, Ecosystem-based management, Effectiveness, Knowledge governance}
}

@article{Ford2016,
    title = {{Opinion: Big data has big potential for applications to climate change adaptation}},
    year = {2016},
    journal = {Proceedings of the National Academy of Sciences},
    author = {Ford, James D. and Tilleard, Simon E. and Berrang-Ford, Lea and Araos, Malcolm and Biesbroek, Robbert and Lesnikowski, Alexandra C. and MacDonald, Graham K. and Hsu, Angel and Chen, Chen and Bizikova, Livia},
    number = {39},
    pages = {10729--10732},
    volume = {113},
    url = {http://www.pnas.org/lookup/doi/10.1073/pnas.1614023113},
    doi = {10.1073/pnas.1614023113},
    issn = {0027-8424},
    pmid = {27679837}
}

@article{Kowarsch2017,
    title = {{A road map for global environmental assessments}},
    year = {2017},
    journal = {Nature Climate Change},
    author = {Kowarsch, Martin and Jabbour, Jason and Flachsland, Christian and Kok, Marcel T. J. and Watson, Robert and Haas, Peter M. and Minx, Jan C. and Alcamo, Joseph and Garard, Jennifer and Riousset, Pauline and Pint{\'{e}}r, László and Langford, Cameron and Yamineva, Yulia and von Stechow, Christoph and O'Reilly, Jessica and Edenhofer, Ottmar},
    number = {6},
    pages = {379--382},
    volume = {7},
    publisher = {Nature Publishing Group},
    url = {http://www.nature.com/doifinder/10.1038/nclimate3307},
    isbn = {0909201404},
    doi = {10.1038/nclimate3307},
    issn = {1758-678X}
}

@article{FeasibilityWarming,
    title = {{Feasibility of limiting warming}}
}

@article{NoTitle,
    title = {{No Title}},
    pages = {0--23}
}

@article{2012Submitted1,
    title = {{Submitted to the EDI Quarterly The Discovery of Price Responsiveness – A Survey of Experiments involving Dynamic Pricing of Electricity Ahmad Faruqui and Jenny Palmer 1}},
    year = {2012},
    pages = {1--14}
}

@misc{Ekaw2014_hybrid.pdf,
    title = {{ekaw2014{\_}hybrid.pdf}}
}

@misc{Edenhofer_Minx_Science-2014.pdf,
    title = {{Edenhofer{\_}Minx{\_}Science-2014.pdf}}
}

@misc{Pdf.pdf,
    title = {{pdf.pdf}}
}

@misc{Nihms98137.pdf,
    title = {{nihms98137.pdf}}
}

@misc{LiteraryLabPamphlet11.pdf,
    title = {{LiteraryLabPamphlet11.pdf}}
}

@misc{Science-ML-2015.pdf,
    title = {{Science-ML-2015.pdf}}
}

@article{NoTitleb,
    title = {{No Title}},
    pages = {452--456},
    volume = {86}
}

@article{Rockstrom2017ADecarbonization,
    title = {{A roadmap for rapid decarbonization}},
    year = {2017},
    author = {Rockstr{\"{o}}m, Johan and Gaffney, Owen and Rogelj, Joeri and Meinshausen, Malte and Nakicenovic, Nebojsa and Schellnhuber, Hans Joachim},
    number = {6331},
    volume = {355}
}

@article{Forum2017ADecarbonization,
    title = {{A roadmap for rapid decarbonization}},
    year = {2017},
    author = {Forum, P Olicy},
    number = {6331},
    volume = {355}
}

@article{2017FastEmissions,
    title = {{Fast growing research on negative emissions}},
    year = {2017},
    journal = {Environmental Research Letters},
    volume = {12},
    keywords = {carbon dioxide removal technologies, ipcc, negative emissions technologies, scientometrics, topic modelling}
}

@article{Science201740Analysis,
    title = {{40 years of global environmental assessments : A retrospective analysis}},
    year = {2017},
    journal = {Environmental Science and Policy},
    author = {Science, Environmental and May, Policy and Jabbour, Jason and Flachsland, Christian},
    number = {May},
    pages = {1--10},
    publisher = {Elsevier},
    url = {http://dx.doi.org/10.1016/j.envsci.2017.05.001},
    doi = {10.1016/j.envsci.2017.05.001},
    issn = {1462-9011},
    keywords = {Environmental policy, Global environmental assessments, International governance, SDGs, Science-policy-society interface, Sustainable development, global environmental assessments, science-policy-society interface}
}

@article{Tvinnereim2017CitizensSolutions,
    title = {{Citizens ’ preferences for tackling climate change . Quantitative and qualitative analyses of their freely formulated solutions}},
    year = {2017},
    journal = {Global Environmental  Change},
    author = {Tvinnereim, Endre and Fl{\o}ttum, Kjersti and Gjerstad, Øyvind and Poul, Mikael},
    number = {May},
    pages = {34--41},
    volume = {46},
    publisher = {Elsevier Ltd},
    url = {http://dx.doi.org/10.1016/j.gloenvcha.2017.06.005},
    doi = {10.1016/j.gloenvcha.2017.06.005},
    issn = {0959-3780},
    keywords = {climate change, climate change adaptation, climate change mitigation, public opinion, qualitative text analysis, quantitative text analysis}
}

@article{BatageljArXivNetworks,
    title = {{arXiv : cs / 0310049v1 [ cs . DS ] 25 Oct 2003 An O ( m ) Algorithm for Cores Decomposition of Networks}},
    author = {Batagelj, Vladimir},
    pages = {1--10},
    arxivId = {arXiv:cs/0310049v1},
    archivePrefix = {arXiv},
    eprint = {0310049v1},
    primaryClass = {cs}
}

@article{Murtagh2016SemanticProcess,
    title = {{Semantic mapping of discourse and activity , using Habermas ’ s theory of communicative action to analyze process}},
    year = {2016},
    journal = {Quality {\&} Quantity},
    author = {Murtagh, Fionn and Pianosi, Monica},
    number = {4},
    pages = {1675--1694},
    volume = {50},
    publisher = {Springer Netherlands},
    isbn = {1113501502},
    doi = {10.1007/s11135-015-0228-7},
    issn = {1573-7845},
    keywords = {Correspondence analysis, Multivariate data analysis, Semantics, Social media, Text analysis, Visualization, correspondence analysis {\'{a}} semantics, text analysis {\'{a}} visualization, {\'{a}}, {\'{a}} multivariate data analysis, {\'{a}} social media}
}

@article{Cody2015ClimatePoll,
    title = {{Climate Change Sentiment on Twitter : An Unsolicited Public Opinion Poll}},
    year = {2015},
    author = {Cody, Emily M and Reagan, Andrew J and Mitchell, Lewis and Dodds, Peter Sheridan and Danforth, Christopher M},
    pages = {1--18},
    doi = {10.1371/journal.pone.0136092}
}

@article{Neill2015CoverageReport,
    title = {{coverage of the IPCC Fifth Assessment Report}},
    year = {2015},
    author = {Neill, Sa O and Williams, Hywel T P and Kurz, Tim and Wiersma, Bouke and Boyko, Maxwell},
    number = {April},
    pages = {2--7},
    volume = {5},
    doi = {10.1038/NCLIMATE2535}
}

@article{Kirilenko2014PublicWorldwide,
    title = {{Public microblogging on climate change : One year of Twitter worldwide}},
    year = {2014},
    journal = {Global Environmental Change},
    author = {Kirilenko, Andrei P and Stepchenkova, Svetlana O},
    pages = {171--182},
    volume = {26},
    publisher = {Elsevier Ltd},
    url = {http://dx.doi.org/10.1016/j.gloenvcha.2014.02.008},
    doi = {10.1016/j.gloenvcha.2014.02.008},
    issn = {0959-3780}
}

@article{Auer2014TheChange,
    title = {{The potential of microblogs for the study of public perceptions of climate change}},
    year = {2014},
    author = {Auer, Matthew R and Zhang, Yuman and Lee, Priscilla},
    number = {June},
    pages = {291--296},
    volume = {5},
    doi = {10.1002/wcc.273}
}

@article{Pearce2014ClimateReport,
    title = {{Climate Change on Twitter : Topics , Communities and Conversations about the 2013 IPCC Working Group 1 Report}},
    year = {2014},
    author = {Pearce, Warren and Holmberg, Kim and Hellsten, Iina and Nerlich, Brigitte},
    number = {4},
    pages = {1--11},
    volume = {9},
    doi = {10.1371/journal.pone.0094785}
}

@article{Leas2016BigChange,
    title = {{Big Data Sensors of Organic Advocacy : The Case of Leonardo DiCaprio and Climate Change}},
    year = {2016},
    author = {Leas, Eric C and Althouse, Benjamin M and Dredze, Mark and Obradovich, Nick},
    pages = {1--9},
    doi = {10.1371/journal.pone.0159885}
}

@article{Liu2017WhoWeibo,
    title = {{Who speaks for climate change in China ? Evidence from Weibo}},
    year = {2017},
    journal = {Climatic Change},
    author = {Liu, John Chung-en and Zhao, Bo},
    pages = {413--422},
    volume = {2},
    publisher = {Climatic Change},
    url = {http://dx.doi.org/10.1007/s10584-016-1883-y},
    doi = {10.1007/s10584-016-1883-y},
    issn = {0165-0009}
}

@article{Edenhofer2017AligningAgenda,
    title = {{Aligning climate policy with finance ministers ’ G20 agenda}},
    year = {2017},
    journal = {Nature Publishing Group},
    author = {Edenhofer, Ottmar and Knopf, Brigitte and Bak, Céline and Bhattacharya, Amar},
    number = {7},
    pages = {463--465},
    volume = {7},
    publisher = {Nature Publishing Group},
    url = {http://dx.doi.org/10.1038/nclimate3331},
    doi = {10.1038/nclimate3331},
    issn = {1758-678X}
}

@article{Evans2013FutureScience,
    title = {{Future Science}},
    year = {2013},
    author = {Evans, James A}
}

@article{ZhangIdentificationNetworks,
    title = {{Identification of core-periphery structure in networks}},
    author = {Zhang, Xiao and Martin, Travis and Newman, M E J},
    pages = {1--10},
    arxivId = {arXiv:1409.4813v1}
}

@article{Searle2015A2050,
    title = {{A reassessment of global bioenergy potential in 2050}},
    year = {2015},
    journal = {GCB Bioenergy},
    author = {Searle, Stephanie and Malins, Chris},
    number = {2},
    pages = {328--336},
    volume = {7},
    isbn = {1757-1707},
    doi = {10.1111/gcbb.12141},
    issn = {17571707},
    pmid = {385}
}

@article{Lu2010CarbonEcosystems,
    title = {{Carbon sequestration potential in Fujian's forest ecosystems}},
    year = {2010},
    journal = {Shengtai Xuebao/ Acta Ecologica Sinica},
    author = {L{\"{u}}, J and Yue, Q and Wang, Z and Zhang, G},
    number = {8},
    pages = {2188--2196},
    volume = {30},
    issn = {10000933 (ISSN)}
}

@article{Hendriks1995UndergroundDioxide,
    title = {{Underground storage of carbon dioxide}},
    year = {1995},
    journal = {Energy Conversion and Management},
    author = {Hendriks, Chris A. and Blok, Kornelis},
    number = {6-9},
    pages = {539--542},
    volume = {36},
    doi = {10.1016/0196-8904(95)00062-I},
    issn = {01968904}
}

@article{Holmes2012AnAir,
    title = {{An air–liquid contactor for large-scale capture of CO2 from air}},
    year = {2012},
    journal = {Phil. Trans. R. Soc. A},
    author = {Holmes, Geoffrey and Keith, David W.},
    number = {1974},
    pages = {4380–4403},
    volume = {370}
}

@article{Montzka2011Non-CO2Change,
    title = {{Non-CO2 Greenhouse Gases and Climate Change}},
    year = {2011},
    journal = {Nature},
    author = {Montzka, S.A. and Dlugokencky, E.J. and Butler, J.H.},
    pages = {43--50},
    volume = {476},
    doi = {10.1038/nature10322}
}

@article{Jeffery2011AMeta-analysis,
    title = {{A quantitative review of the effects of biochar application to soils on crop productivity using meta-analysis}},
    year = {2011},
    journal = {Agriculture, Ecosystems {\&} Environment},
    author = {Jeffery, S and Verheijen, F G A and van der Velde, M and Bastos, A C},
    number = {1},
    month = {8},
    pages = {175--187},
    volume = {144},
    doi = {10.1016/j.agee.2011.08.015},
    issn = {01678809},
    language = {en}
}

@article{Godec2014CO2-ECBM:Potential,
    title = {{CO2-ECBM: A review of its status and global potential}},
    year = {2014},
    journal = {Energy Procedia},
    author = {Godec, Michael and Koperna, George and Gale, John},
    pages = {5858--5869},
    volume = {63},
    publisher = {Elsevier B.V.},
    doi = {10.1016/j.egypro.2014.11.619},
    issn = {18766102}
}

@article{Paul2016ManagingLand,
    title = {{Managing reforestation to sequester carbon, increase biodiversity potential and minimize loss of agricultural land}},
    year = {2016},
    journal = {Land Use Policy},
    author = {Paul, Keryn I and Cunningham, Shaun C and England, Jacqueline R and Roxburgh, Stephen H and Preece, Noel D and Lewis, Tom and Brooksbank, Kim and Crawford, Debbie F and Polglase, Philip J},
    month = {2},
    pages = {135--149},
    volume = {51},
    doi = {https://doi.org/10.1016/j.landusepol.2015.10.027},
    issn = {0264-8377}
}

@article{Akgul2014AUK,
    title = {{A mixed integer nonlinear programming (MINLP) supply chain optimisation framework for carbon negative electricity generation using biomass to energy with CCS (BECCS) in the UK}},
    year = {2014},
    journal = {International Journal of Greenhouse Gas Control},
    author = {Akgul, O. and Mac Dowell, N. and Papageorgiou, L. G. and Shah, N.},
    pages = {189--202},
    volume = {28},
    publisher = {Elsevier Ltd},
    isbn = {1750-5836},
    doi = {10.1016/j.ijggc.2014.06.017},
    issn = {17505836}
}

@article{Kokorin1996CalculationOptions,
    title = {{Calculation of CO2 net sinks/emissions in Russian forests and assessment of mitigation options}},
    year = {1996},
    journal = {Environmental Management},
    author = {Kokorin, A O and Lelyakin, A L and Nazarov, I M and Fillipchuk, A N},
    number = {1},
    pages = {S101-S109},
    volume = {20},
    doi = {10.1007/BF01204198},
    issn = {1432-1009}
}

@article{Kulkarni2012AnalysisAir,
    title = {{Analysis of equilibrium-based TSA processes for direct capture of CO2 from air}},
    year = {2012},
    journal = {Industrial {\&} Engineering Chemistry Research},
    author = {Kulkarni, Ambarish R. and Sholl, David S.},
    number = {25},
    pages = {8631–8645},
    volume = {51}
}

@article{Kim2016AgriculturalAfforestation,
    title = {{Agricultural landowners⿿ response to incentives for afforestation}},
    year = {2016},
    journal = {Resource and Energy Economics},
    author = {Kim, Taeyoung and Langpap, Christian},
    month = {2},
    pages = {93--111},
    volume = {43},
    doi = {https://doi.org/10.1016/j.reseneeco.2015.11.004},
    issn = {0928-7655}
}

@article{DeVisser2011PlantaCap:CCS,
    title = {{PlantaCap: A ligno-cellulose bio-ethanol plant with CCS}},
    year = {2011},
    journal = {Energy Procedia},
    author = {De Visser, Erika and Hendriks, Chris and Hamelinck, Carlo and Van De Brug, Edgar and Jung, Martina and Meyer, Sebastian and Harmelink, Mirjam and Knopf, Stefan and Gerling, Peter},
    pages = {2941--2949},
    volume = {4},
    publisher = {Elsevier},
    isbn = {18766102 (ISSN)},
    doi = {10.1016/j.egypro.2011.02.202},
    issn = {18766102}
}

@article{Monge2016LandStates,
    title = {{Land use and general equilibrium implications of a forest-based carbon sequestration policy in the United States}},
    year = {2016},
    journal = {Ecological Economics},
    author = {Monge, Juan J and Bryant, Henry L and Gan, Jianbang and Richardson, James W},
    month = {7},
    pages = {102--120},
    volume = {127},
    doi = {https://doi.org/10.1016/j.ecolecon.2016.03.015},
    issn = {0921-8009}
}

@article{Dooley2005ASystems,
    title = {{A CO2-storage supply curve for North America and its implications for the deployment of carbon dioxide capture and storage systems}},
    year = {2005},
    journal = {Greenhouse Gas Control Technologies},
    author = {Dooley, J. J. and Dahowski, R. T. and Davidson, C. L. and Bachu, S. and Gupta, N. and Gale, J.},
    number = {August},
    pages = {593--601},
    isbn = {9780080447049},
    doi = {10.1016/B978-008044704-9/50060-4}
}

@incollection{Haberl2015ThePitfalls,
    title = {{The Growing Role of Biomass for Future Resource Supply-Prospects and Pitfalls}},
    year = {2015},
    booktitle = {Sustainability Assessment of Renewables-Based Products},
    author = {Haberl, Helmut},
    editor = {Dewulf, Jo and Meester, Steven De and Alvarenga, Rodrigo},
    pages = {1--18},
    publisher = {John Wiley {\&} Sons Ltd.},
    address = {Chichester},
    isbn = {978-1-118-93393-0; 978-1-118-93394-7},
    doi = {10.1002/9781118933916.ch1}
}

@misc{FriendsoftheEarth2011NEGATONNESBY,
    title = {{NEGATONNES – AN INITIAL ASSESSMENT OF THE POTENTIAL FOR NEGATIVE EMISSION TECHNIQUES TO CONTRIBUTE SAFELY AND FAIRLY TO MEETING CARBON BUDGETS IN THE 21ST CENTURY RESEARCHED AND WRITTEN FOR FRIENDS OF THE EARTH BY}},
    year = {2011},
    author = {{Friends of the Earth}}
}

@article{Lee2005TheSequestration,
    title = {{The Dynamic Competitiveness of U.S. Agricultural and Forest Carbon Sequestration}},
    year = {2005},
    journal = {Canadian Journal of Agricultural Economics/Revue canadienne d'agroeconomie},
    author = {Lee, Heng-Chi and McCarl, Bruce A and Gillig, Dhazn},
    number = {4},
    month = {12},
    pages = {343--357},
    volume = {53},
    publisher = {Blackwell Publishing Inc.},
    doi = {10.1111/j.1744-7976.2005.00023.x},
    issn = {1744-7976}
}

@article{Johannessen2016GeoengineeringGiven,
    title = {{Geoengineering with seagrasses: is credit due where credit is given?}},
    year = {2016},
    journal = {Environmental Research Letters},
    author = {Johannessen, Sophia C and Macdonald, Robie W},
    number = {11},
    month = {11},
    pages = {113001},
    volume = {11},
    doi = {10.1088/1748-9326/11/11/113001},
    issn = {1748-9326}
}

@article{ElbergNielsen2014MitigatingStates,
    title = {{Mitigating climate change through afforestation: New cost estimates for the United States}},
    year = {2014},
    journal = {Resource and Energy Economics},
    author = {Elberg Nielsen, Anne Sofie and Plantinga, Andrew J. and Alig, Ralph J.},
    number = {1},
    pages = {83--98},
    volume = {36},
    doi = {10.1016/j.reseneeco.2013.11.001},
    issn = {09287655}
}

@article{Turner1995Carbon2040,
    title = {{Carbon sequestration by forests of the United States. Current status and projections to the year 2040}},
    year = {1995},
    journal = {Tellus B: Chemical and Physical Meteorology},
    author = {Turner, David P and Koerper, Greg J and Harmon, Mark E and Lee, Jeffrey J},
    number = {1-2},
    month = {1},
    pages = {232--239},
    volume = {47},
    publisher = {Taylor {\&} Francis},
    doi = {10.3402/tellusb.v47i1-2.16043},
    issn = {null}
}

@article{Liu2016InfluenceEcosystem,
    title = {{Influence of afforestation, reforestation, forest logging, climate change, CO2 concentration rise, fire, and insects on the carbon sequestration capacity of the forest ecosystem}},
    year = {2016},
    journal = {Acta Ecologica Sinica},
    author = {Liu, W.W. and Wang, X. and Lu, F. and Ouyang, Z.},
    number = {8},
    pages = {2113--2122},
    volume = {36}
}

@incollection{Kraxner2015BioenergyProduction,
    title = {{Bioenergy Futures: A Global Outlook on the Implications of Land Use for Forest-Based Feedstock Production}},
    year = {2015},
    booktitle = {The Future Use of Nordic Forests},
    author = {Kraxner, Florian and Nordstr{\"{o}}m, Eva-Maria},
    pages = {63--81},
    publisher = {Springer International Publishing},
    address = {Cham},
    doi = {10.1007/978-3-319-14218-0{\_}5}
}

@article{Goldberg2013Co-locationPlateau,
    title = {{Co-location of air capture, subseafloor CO2 sequestration, and energy production on the Kerguelen plateau}},
    year = {2013},
    journal = {Environmental science {\&} technology},
    author = {Goldberg, David S. and Lackner, Klaus S. and Han, Patrick and Slagle, Angela L. and Wang, Tao},
    number = {13},
    pages = {7521–7529},
    volume = {47}
}

@article{Betts2007BiogeophysicalChange,
    title = {{Biogeophysical effects of land use on climate: Model simulations of radiative forcing and large-scale temperature change}},
    year = {2007},
    journal = {Agricultural and Forest Meteorology},
    author = {Betts, Richard A. and Falloon, Peter D. and Goldewijk, Kees Klein and Ramankutty, Navin},
    number = {2–4},
    pages = {216--233},
    volume = {142},
    doi = {10.1016/j.agrformet.2006.08.021},
    issn = {0168-1923}
}

@article{Boucher2012CanIndustries,
    title = {{Can boreal afforestation help offset incompressible GHG emissions from Canadian industries?}},
    year = {2012},
    journal = {Process Safety and Environmental Protection},
    author = {Boucher, J.-F. and Tremblay, P and Gaboury, S and Villeneuve, C},
    number = {6},
    month = {11},
    pages = {459--466},
    volume = {90},
    doi = {https://doi.org/10.1016/j.psep.2012.10.011},
    issn = {0957-5820}
}

@misc{Richards2005TheSequestration,
    title = {{The Cost of U.S. Forest-Based Carbon Sequestration}},
    year = {2005},
    author = {Richards, Kenneth R and Stavins, Robert N},
    month = {1},
    publisher = {Pew Center on Global Climate Change},
    address = {Arlington}
}

@article{Kraxner2013GlobalTrade-offs,
    title = {{Global bioenergy scenarios - Future forest development, land-use implications, and trade-offs}},
    year = {2013},
    journal = {Biomass and Bioenergy},
    author = {Kraxner, F. and Nordstr{\"{o}}m, E.-M. and Havl{\'{i}}k, P. and Gusti, M. and Mosnier, A. and Frank, S. and Valin, H. and Fritz, S. and Fuss, S. and Kindermann, G. and McCallum, I. and Khabarov, N. and B{\"{o}}ttcher, H. and See, L. and Aoki, K. and Schmid, E. and M{\'{a}}th{\'{e}}, L. and Obersteiner, M.},
    volume = {57},
    doi = {10.1016/j.biombioe.2013.02.003},
    issn = {09619534}
}

@article{Gough2011BiomassBio-CCS,
    title = {{Biomass energy with carbon capture and storage (BECCS or Bio-CCS)}},
    year = {2011},
    journal = {Greenhouse Gases: Science and Technology},
    author = {Gough, Clair and Upham, Paul},
    number = {4},
    month = {12},
    pages = {324--334},
    volume = {1},
    publisher = {John Wiley {\&} Sons, Ltd.},
    doi = {10.1002/ghg.34},
    issn = {21523878}
}

@article{Benitez2007GlobalImplications,
    title = {{Global potential for carbon sequestration: Geographical distribution, country risk and policy implications}},
    shorttitle = {Global potential for carbon sequestration},
    year = {2007},
    journal = {Ecological Economics},
    author = {Ben{\'{i}}tez, P.C. and McCallum, I. and Obersteiner, M. and Yamagata, Y.},
    number = {3},
    month = {1},
    pages = {572--583},
    volume = {60},
    doi = {10.1016/j.ecolecon.2005.12.015},
    issn = {0921-8009}
}

@article{Niu2006CarbonU.S.,
    title = {{Carbon sequestration potential by afforestation of marginal agricultural land in the Midwestern U.S.}},
    year = {2006},
    journal = {Forest Ecology and Management},
    author = {Niu, Xianzeng and Duiker, Sjoerd W},
    number = {1–3},
    month = {3},
    pages = {415--427},
    volume = {223},
    doi = {https://doi.org/10.1016/j.foreco.2005.12.044},
    issn = {0378-1127}
}

@article{Rittenhouse2012ForestScenarios,
    title = {{Forest cover, carbon sequestration, and wildlife habitat: policy review and modeling of tradeoffs among land-use change scenarios}},
    year = {2012},
    journal = {Environmental Science {\&} Policy},
    author = {Rittenhouse, Chadwick D and Rissman, Adena R},
    pages = {94--105},
    volume = {21},
    doi = {http://dx.doi.org/10.1016/j.envsci.2012.04.006},
    issn = {1462-9011}
}

@article{Pratt2010EvaluatingPotential,
    title = {{Evaluating the cost-effectiveness of global biochar mitigation potential}},
    year = {2010},
    journal = {Biomass and Bioenergy},
    author = {Pratt, Kimberley and Moran, Dominic},
    number = {8},
    month = {7},
    pages = {1149--1158},
    volume = {34},
    doi = {10.1016/j.biombioe.2010.03.004},
    issn = {09619534},
    language = {en}
}

@article{Potter2007Satellite-derivedStates,
    title = {{Satellite-derived estimates of potential carbon sequestration through afforestation of agricultural lands in the United States}},
    year = {2007},
    journal = {Climatic Change},
    author = {Potter, Christopher and Klooster, Steven and Hiatt, Seth and Fladeland, Matthew and Genovese, Vanessa and Gross, Peggy},
    number = {3},
    pages = {323--336},
    volume = {80},
    doi = {10.1007/s10584-006-9109-3},
    issn = {1573-1480}
}

@article{Smith2012GlobalRates,
    title = {{Global Bioenergy Capacity as Constrained by Observed Biospheric Productivity Rates}},
    year = {2012},
    journal = {BioScience},
    author = {Smith, W Kolby and Zhao, Maosheng and Running, Steven W},
    number = {10},
    pages = {911--922},
    volume = {62},
    isbn = {00063568},
    doi = {10.1525/bio.2012.62.10.11},
    issn = {00063568}
}

@article{Bekkering1992UsingPractice,
    title = {{Using Tropical Forests to Fix Atmospheric Carbon: The Potential in Theory and Practice}},
    year = {1992},
    journal = {Ambio},
    author = {Bekkering, Titus D},
    number = {6},
    pages = {414--419},
    volume = {21},
    publisher = {[Springer, Royal Swedish Academy of Sciences]},
    issn = {00447447, 16547209}
}

@article{Lee2015EffectsKorea,
    title = {{Effects of land-use-change scenarios on terrestrial carbon stocks in South Korea}},
    year = {2015},
    journal = {Landscape and Ecological Engineering},
    author = {Lee, Dong Kun and Park, Chan and Tomlin, Dana},
    number = {1},
    pages = {47--59},
    volume = {11},
    doi = {10.1007/s11355-013-0235-6},
    issn = {1860-188X}
}

@unpublished{CaldecottB.LomaxG.Workman2015StrandedTechnologies,
    title = {{Stranded Carbon Assets and Negative Emissions Technologies}},
    year = {2015},
    author = {Caldecott, B.; Lomax, G.; Workman, M.},
    pages = {37},
    address = {Oxford}
}

@article{Fuss2014BettingEmissions,
    title = {{Betting on negative emissions}},
    year = {2014},
    journal = {Nature Climate Change},
    author = {Fuss, Sabine and Canadell, Josep G. and Peters, Glen P. and Tavoni, Massimo and Andrew, Robbie M. and Ciais, Philippe and Jackson, Robert B. and Jones, Chris D. and Kraxner, Florian and Nakicenovic, Nebosja and Le Qu{\'{e}}r{\'{e}}, Corinne and Raupach, Michael R. and Sharifi, Ayyoob and Smith, Pete and Yamagata, Yoshiki},
    number = {10},
    month = {9},
    pages = {850--853},
    volume = {4},
    isbn = {1758-678X},
    doi = {10.1038/nclimate2392},
    issn = {1758-678X}
}

@article{Locatelli2015TropicalCarbon,
    title = {{Tropical reforestation and climate change: beyond carbon}},
    year = {2015},
    journal = {Restoration Ecology},
    author = {Locatelli, Bruno and Catterall, Carla P and Imbach, Pablo and Kumar, Chetan and Lasco, Rodel and Mar{\'{i}}n-Spiotta, Erika and Mercer, Bernard and Powers, Jennifer S and Schwartz, Naomi and Uriarte, Maria},
    number = {4},
    pages = {337--343},
    volume = {23},
    publisher = {Wiley Periodicals, Inc.},
    doi = {10.1111/rec.12209},
    issn = {1526-100X}
}

@article{Shvidenko1997PossibilitiesRussia,
    title = {{Possibilities for Increased Carbon Sequestration through the Implementation of Rational Forest Management in Russia}},
    year = {1997},
    journal = {Water, Air, and Soil Pollution},
    author = {Shvidenko, Anatoly and Nilsson, Sten and Roshkov, Vjacheslav},
    number = {1},
    pages = {137--162},
    volume = {94},
    doi = {10.1023/A:1026494514131},
    issn = {1573-2932}
}

@article{Kriegler2014TheStrategies,
    title = {{The Role of Technology for Achieving Climate Policy Objectives: Overview of the EMF 27 Study on global technology and climate policy strategies}},
    year = {2014},
    journal = {Climatic Change},
    author = {Kriegler, Elmar and {J. Weyant} and Blanford, G. and Clarke, Leon and Edmonds, J. and Fawcett, A. and Krey, V. and Luderer, G. and Riahi, K. and Richels, R. and Rose, S. and Tavoni, M. and Vuuren, Detlef van},
    number = {3-4},
    pages = {353--367},
    volume = {123},
    doi = {10.1007/s10584-013-0953-7}
}

@article{Laude2011CO2Assessment,
    title = {{CO2 capture and storage from a bioethanol plant: Carbon and energy footprint and economic assessment}},
    year = {2011},
    journal = {International Journal of Greenhouse Gas Control},
    author = {Laude, A. and Ricci, O. and Bureau, G. and Royer-Adnot, J. and Fabbri, A.},
    number = {5},
    pages = {1220--1231},
    volume = {5},
    publisher = {Elsevier Ltd},
    isbn = {1750-5836},
    doi = {10.1016/j.ijggc.2011.06.004},
    issn = {17505836}
}

@article{Shackley2011TheUK,
    title = {{The feasibility and costs of biochar deployment in the UK}},
    year = {2011},
    journal = {Carbon Management},
    author = {Shackley, Simon and Hammond, Jim and Gaunt, John and Ibarrola, Rodrigo},
    number = {3},
    month = {7},
    pages = {335--356},
    volume = {2},
    doi = {10.4155/cmt.11.22},
    issn = {1758-3004, 1758-3012},
    language = {en}
}

@article{Vochozka2016BiocharFarming,
    title = {{Biochar pricing hampers biochar farming}},
    year = {2016},
    journal = {Clean Technologies and Environmental Policy},
    author = {Vochozka, Marek and Marou{\v{s}}kov{\'{a}}, Anna and V{\'{a}}chal, Jan and Strakov{\'{a}}, Jarmila},
    number = {4},
    month = {7},
    pages = {1225--1231},
    volume = {18},
    doi = {10.1007/s10098-016-1113-3},
    issn = {1618-954X, 1618-9558},
    language = {en}
}

@article{Onarheim2015BarriersApproach,
    title = {{Barriers and opportunities for application of CCS in Nordic industry—A sectorial approach}},
    year = {2015},
    journal = {International Journal of Greenhouse Gas Control},
    author = {Onarheim, Kristin and Mathisen, Anette and Arasto, Antti},
    month = {5},
    pages = {93--105},
    volume = {36},
    doi = {10.1016/j.ijggc.2015.02.009},
    issn = {17505836}
}

@article{Smith2013EcologicalRemoval,
    title = {{Ecological limits to terrestrial biological carbon dioxide removal}},
    year = {2013},
    journal = {Climatic Change},
    author = {Smith, L. and Torn, M.S.},
    number = {1},
    pages = {89--103},
    volume = {118},
    doi = {10.1007/s10584-012-0682-3},
    issn = {0165-0009},
    language = {English}
}

@article{Erb2012DependencyStability,
    title = {{Dependency of global primary bioenergy crop potentials in 2050 on food systems, yields, biodiversity conservation and political stability}},
    year = {2012},
    journal = {Energy Policy},
    author = {Erb, Karl-Heinz and Haberl, Helmut and Plutzar, Christoph},
    month = {8},
    pages = {260--269},
    volume = {47},
    doi = {10.1016/j.enpol.2012.04.066},
    issn = {03014215}
}

@article{IPCC2000LandForestry,
    title = {{Land Use, Land-Use Change, and Forestry}},
    year = {2000},
    journal = {Forestry},
    author = {{IPCC}},
    pages = {1--9},
    isbn = {0521800838},
    doi = {DOI: 10.2277/0521800838},
    pmid = {755}
}

@article{Shuifa2010TheChina,
    title = {{The situations and potentials of forest carbon sinks and employment creation from afforestation in China}},
    year = {2010},
    journal = {The International Forestry Review},
    author = {Shuifa, K E and Wagner, JOHN E and Zhou, L I and Yali, W E N and Yan, ZHENG},
    number = {3},
    pages = {247--255},
    volume = {12},
    publisher = {Commonwealth Forestry Association},
    issn = {14655489, 20537778}
}

@book{Renner2008GreenEnvironment,
    title = {{Green Jobs: Working for People and the Environment}},
    year = {2008},
    booktitle = {Agriculture},
    author = {Renner, Michael and Sweeney, Sean and Kubit, Jill},
    pages = {1--61},
    publisher = {WORLDWATCH REPORT},
    isbn = {9781878071866}
}

@article{Rytter2012TheSweden,
    title = {{The potential of willow and poplar plantations as carbon sinks in Sweden}},
    year = {2012},
    journal = {Biomass and Bioenergy},
    author = {Rytter, Rose-Marie},
    month = {1},
    pages = {86--95},
    volume = {36},
    doi = {https://doi.org/10.1016/j.biombioe.2011.10.012},
    issn = {0961-9534}
}

@article{Smeets2007BioenergyPotentials,
    title = {{Bioenergy potentials from forestry in 2050: An assessment of the drivers that determine the potentials}},
    year = {2007},
    journal = {Climatic Change},
    author = {Smeets, Edward M.W. and Faaij, André P.C.},
    number = {3-4},
    pages = {353--390},
    volume = {81},
    isbn = {0165-0009},
    doi = {10.1007/s10584-006-9163-x},
    issn = {01650009},
    pmid = {644}
}

@book{NationalAcademyofSciences2015ClimateIntervention,
    title = {{Climate Intervention}},
    year = {2015},
    author = {{National Academy of Sciences}},
    month = {6},
    pages = {154},
    publisher = {National Academies Press},
    address = {Washington},
    isbn = {978-0-309-30529-7},
    doi = {10.17226/18805}
}

@article{Pritchard2015Thermodynamics2,
    title = {{Thermodynamics, economics and systems thinking: What role for air capture of CO 2?}},
    year = {2015},
    journal = {Process Safety and Environmental Protection},
    author = {Pritchard, C. and Yang, A. and Holmes, P. and Wilkinson, M.},
    pages = {188–195},
    volume = {94}
}

@article{Kammann2017BiocharNeeds,
    title = {{Biochar as a tool to reduce the agricultural greenhouse-gas burden – knowns, unknowns and future research needs}},
    year = {2017},
    journal = {Journal of Environmental Engineering and Landscape Management},
    author = {Kammann, Claudia and Ippolito, Jim and Hagemann, Nikolas and Borchard, Nils and Cayuela, Maria Luz and Estavillo, José M and Fuertes-Mendizabal, Teresa and Jeffery, Simon and Kern, Jürgen and Novak, Jeff and Rasse, Daniel and Saarnio, Sanna and Schmidt, Hans-Peter and Spokas, Kurt and Wrage-M{\"{o}}nnig, Nicole},
    number = {2},
    month = {7},
    pages = {114--139},
    volume = {25},
    doi = {10.3846/16486897.2017.1319375},
    issn = {1648-6897, 1822-4199},
    language = {en}
}

@article{Al-Qayim2015ComparativeKingdom,
    title = {{Comparative techno-economic assessment of biomass and coal with CCS technologies in a pulverized combustion power plant in the United Kingdom}},
    year = {2015},
    journal = {International Journal of Greenhouse Gas Control},
    author = {Al-Qayim, Khalidah and Nimmo, William and Pourkashanian, Mohammed},
    month = {12},
    pages = {82--92},
    volume = {43},
    doi = {10.1016/j.ijggc.2015.10.013},
    issn = {17505836}
}

@article{Woolf2010SustainableChange,
    title = {{Sustainable biochar to mitigate global climate change}},
    year = {2010},
    journal = {Nature Communications},
    author = {Woolf, Dominic and Amonette, James E and Street-Perrott, F Alayne and Lehmann, Johannes and Joseph, Stephen},
    pages = {56},
    volume = {1},
    doi = {10.1038/ncomms1053},
    issn = {2041-1723},
    language = {en}
}

@article{Hoogwijk2005PotentialScenarios,
    title = {{Potential of biomass energy out to 2100, for four IPCC SRES land-use scenarios}},
    year = {2005},
    journal = {Biomass and Bioenergy},
    author = {Hoogwijk, Monique and Faaij, André and Eickhout, Bas and De Vries, Bert and Turkenburg, Wim},
    number = {4},
    pages = {225--257},
    volume = {29},
    isbn = {0961-9534},
    doi = {10.1016/j.biombioe.2005.05.002},
    issn = {09619534},
    pmid = {17}
}

@article{Richards2004AResearch,
    title = {{A Review of Forest Carbon Sequestration Cost Studies: A Dozen Years of Research}},
    year = {2004},
    journal = {Climatic Change},
    author = {Richards, Kenneth R and Stokes, Carrie},
    number = {1},
    pages = {1--48},
    volume = {63},
    doi = {10.1023/B:CLIM.0000018503.10080.89},
    issn = {1573-1480}
}

@article{Boucher2010NewChange,
    title = {{New Directions: Atmospheric methane removal as a way to mitigate climate change?}},
    year = {2010},
    journal = {Atmospheric Environment},
    author = {Boucher, Olivier and Folberth, Gerd A.},
    number = {27},
    pages = {3343--3345},
    volume = {44},
    doi = {10.1016/j.atmosenv.2010.04.032},
    issn = {13522310}
}

@misc{Nemet2016GuestInnovation,
    title = {{Guest Post: Gregory Nemet shares 6 key lessons to inform negative emissions technology innovation}},
    year = {2016},
    booktitle = {Center for Carbon Removal},
    author = {Nemet, Gregory}
}

@article{Wang2013PastDynamics,
    title = {{Past , present and future forest resources in China and the implications for carbon sequestration dynamics}},
    year = {2013},
    journal = {Journal of Food, Agriculture {\&} Environment},
    author = {Wang, Bing and Wang, Dan and Niu, Xiang},
    number = {1},
    pages = {801--806},
    volume = {11}
}

@article{Wright2013TheAtlas,
    title = {{The first North American carbon storage atlas}},
    year = {2013},
    journal = {Energy Procedia},
    author = {Wright, Robert and Mourits, Frank and Rodr{\'{i}}guez, Leonardo Beltran and Serrano, Moisés Dávila},
    pages = {5280--5289},
    volume = {37},
    publisher = {Elsevier B.V.},
    isbn = {2025867085},
    doi = {10.1016/j.egypro.2013.06.445},
    issn = {18766102}
}

@article{Bamminger2016Short-termWarming,
    title = {{Short-term response of soil microorganisms to biochar addition in a temperate agroecosystem under soil warming}},
    year = {2016},
    journal = {Agriculture, Ecosystems {\&} Environment},
    author = {Bamminger, Chris and Poll, Christian and Sixt, Christina and H{\"{o}}gy, Petra and W{\"{u}}st, Dominik and Kandeler, Ellen and Marhan, Sven},
    month = {7},
    pages = {308--317},
    volume = {233},
    doi = {10.1016/j.agee.2016.09.016},
    issn = {01678809},
    language = {en}
}

@article{Zimmermann2012RapidCarbon,
    title = {{Rapid degradation of pyrogenic carbon}},
    year = {2012},
    journal = {Global Change Biology},
    author = {Zimmermann, Michael and Bird, Michael I and Wurster, Christopher and Saiz, Gustavo and Goodrick, Iain and Barta, Jiri and Capek, Petr and Santruckova, Hana and Smernik, Ronald},
    number = {11},
    month = {7},
    pages = {3306--3316},
    volume = {18},
    doi = {10.1111/j.1365-2486.2012.02796.x},
    issn = {1365-2486},
    language = {en}
}

@article{Koide1993UndergroundAquifers,
    title = {{Underground storage of carbon dioxide in depleted natural gas reservoirs and in useless aquifers}},
    year = {1993},
    journal = {Engineering Geology},
    author = {Koide, Hitoshi and Tazaki, Yoshiyuki and Noguchi, Yoshikazu and Iijima, Masaki and Ito, Kazuitsu and Shindo, Yuji},
    number = {3-4},
    pages = {175--179},
    volume = {34},
    isbn = {0013-7952},
    doi = {10.1016/0013-7952(93)90086-R},
    issn = {00137952}
}

@article{Macreadie2017CanCarbon,
    title = {{Can we manage coastal ecosystems to sequester more blue carbon?}},
    year = {2017},
    journal = {Frontiers in Ecology and the Environment},
    author = {Macreadie, Peter I and Nielsen, Daniel A and Kelleway, Jeffrey J and Atwood, Trisha B and Seymour, Justin R and Petrou, Katherina and Connolly, Rod M and Thomson, Alexandra C G and Trevathan-Tackett, Stacey M and Ralph, Peter J},
    number = {4},
    month = {5},
    pages = {206--213},
    volume = {15},
    doi = {10.1002/fee.1484},
    issn = {1540-9309}
}

@article{Ormerod1993AnOptions,
    title = {{An Overview of Large Scale CO2 Disposal Options}},
    year = {1993},
    journal = {Energy Conversion and Management},
    author = {Ormerod, W.G. and Webster, I.C. and Audus, H. and Riemer, P.W.F.},
    number = {9},
    pages = {833--840},
    volume = {34}
}

@article{Fang2014BiocharSoils,
    title = {{Biochar carbon stability in four contrasting soils}},
    year = {2014},
    journal = {European Journal of Soil Science},
    author = {Fang, Y. and Singh, B. and Singh, B. P. and Krull, E.},
    number = {1},
    month = {7},
    pages = {60--71},
    volume = {65},
    isbn = {1351-0754},
    doi = {10.1111/ejss.12094},
    issn = {13510754},
    language = {en}
}

@article{Merry2013EfficientStates,
    title = {{Efficient assessments of urban tree planting potential within or near the southern Piedmont region of the United States}},
    year = {2013},
    journal = {Computers, Environment and Urban Systems},
    author = {Merry, Krista and Siry, Jacek and Bettinger, Pete and Bowker, J M},
    month = {5},
    pages = {39--47},
    volume = {39},
    doi = {https://doi.org/10.1016/j.compenvurbsys.2013.01.005},
    issn = {0198-9715}
}

@article{Selosse2017CarbonAnalysis,
    title = {{Carbon capture and storage: Lessons from a storage potential and localization analysis}},
    year = {2017},
    journal = {Applied Energy},
    author = {Selosse, Sandrine and Ricci, Olivia},
    number = {February},
    pages = {32--44},
    volume = {188},
    doi = {10.1016/j.apenergy.2016.11.117},
    issn = {03062619}
}

@article{Paustian2016Climate-smartSoils,
    title = {{Climate-smart soils}},
    year = {2016},
    journal = {Nature},
    author = {Paustian, Keith and Lehmann, Johannes and Ogle, Stephen and Reay, David and Robertson, G Philip and Smith, Pete},
    number = {7597},
    pages = {49--57},
    volume = {532},
    doi = {10.1038/nature17174},
    issn = {0028-0836},
    language = {en}
}

@article{Coelho2012ContributionEconomy,
    title = {{Contribution of cork oak plantations installed after 1990 in Portugal to the Kyoto commitments and to the landowners economy}},
    year = {2012},
    journal = {Forest Policy and Economics},
    author = {Coelho, Marta Baptista and Paulo, Joana Amaral and Palma, João Henrique Nunes and Tom{\'{e}}, Margarida},
    pages = {59--68},
    volume = {17},
    doi = {http://dx.doi.org/10.1016/j.forpol.2011.10.005},
    issn = {1389-9341}
}

@article{Rogelj2017Transition1.5C,
    title = {{Transition pathways towards limiting climate change below 1.5{${}^\circ$}C}},
    year = {2017},
    journal = {Nature Clim. Change (under review)},
    author = {Rogelj, Joeri and Popp, Alexander and Calvin, Katherine V. and Luderer, Gunnar and Emmerling, Johannes and Gernaat, David and Fujimori, Shinichiro and Strefler, Jessica and Hasegawa, Tomoko and Marangoni, Giacomo and Krey, Volker and Kriegler, Elmar and Riahi, Keywan and van Vuuren, Detlef P. and Doelman, Jonathan and Drouet, Laurent and Edmonds, Jae and Fricko, Oliver and Harmsen, Mathijs and Havl{\'{i}}k, Petr and Humpen{\"{o}}der, Florian and Stehfest, Elke and Tavoni, Massimo}
}

@article{Hoogwijk2009ExplorationScenarios,
    title = {{Exploration of regional and global cost-supply curves of biomass energy from short-rotation crops at abandoned cropland and rest land under four IPCC SRES land-use scenarios}},
    year = {2009},
    journal = {Biomass and Bioenergy},
    author = {Hoogwijk, Monique and Faaij, André and de Vries, Bert and Turkenburg, Wim},
    number = {1},
    pages = {26--43},
    volume = {33},
    isbn = {0961-9534},
    doi = {10.1016/j.biombioe.2008.04.005},
    issn = {09619534}
}

@article{Richter2013FightingReactors,
    title = {{Fighting global warming by photocatalytic reduction of CO2 using giant photocatalytic reactors}},
    year = {2013},
    journal = {Renewable and Sustainable Energy Reviews},
    author = {Richter, Renaud Kiesgen and Ming, Tingzhen and Caillol, Sylvain},
    month = {3},
    pages = {82--106},
    volume = {19},
    doi = {10.1016/j.rser.2012.10.026},
    issn = {1364-0321}
}

@article{Kreidenweis2016AfforestationEffects,
    title = {{Afforestation to mitigate climate change: impacts on food prices under consideration of albedo effects}},
    year = {2016},
    journal = {Environmental Research Letters},
    author = {Kreidenweis, U. and Humpen{\"{o}}der, F. and Stevanovi{\'{c}}, M. and Bodirsky, B.L. and Kriegler, E. and Lotze-Campen, H. and Popp, A.},
    number = {8},
    pages = {85001},
    volume = {11},
    issn = {1748-9326}
}

@article{Smith2016BiophysicalEmissions,
    title = {{Biophysical and economic limits to negative CO2 emissions}},
    year = {2016},
    journal = {Nature Climate Change},
    author = {Smith, Pete and Davis, Steven J. and Creutzig, Felix and Fuss, Sabine and Minx, Jan and Gabrielle, Benoit and Kato, Etsushi and Jackson, Robert B. and Cowie, Annette and Kriegler, Elmar and van Vuuren, Detlef P. and Rogelj, Joeri and Ciais, Philippe and Milne, Jennifer and Canadell, Josep G. and McCollum, David and Peters, Glen and Andrew, Robbie and Krey, Volker and Shrestha, Gyami and Friedlingstein, Pierre and Gasser, Thomas and Gr{\"{u}}bler, Arnulf and Heidug, Wolfgang K. and Jonas, Matthias and Jones, Chris D. and Kraxner, Florian and Littleton, Emma and Lowe, Jason and Moreira, José Roberto and Nakicenovic, Nebojsa and Obersteiner, Michael and Patwardhan, Anand and Rogner, Mathis and Rubin, Ed and Sharifi, Ayyoob and Torvanger, Asbjørn and Yamagata, Yoshiki and Edmonds, Jae and Yongsung, Cho},
    number = {1},
    month = {12},
    pages = {42--50},
    volume = {6},
    doi = {10.1038/nclimate2870},
    issn = {1758-678X}
}

@article{Popp2011TheSystem,
    title = {{The economic potential of bioenergy for climate change mitigation with special attention given to implications for the land system}},
    year = {2011},
    journal = {Environmental Research Letters},
    author = {Popp, Alexander and Dietrich, Jan Philipp and Lotze-Campen, Hermann and Klein, David and Bauer, Nico and Krause, Michael and Beringer, Tim and Gerten, Dieter and Edenhofer, Ottmar},
    number = {3},
    month = {7},
    pages = {034017},
    volume = {6},
    publisher = {IOP Publishing},
    doi = {10.1088/1748-9326/6/3/034017},
    issn = {1748-9326}
}

@article{Zhang2001CarbonEcosystems,
    title = {{Carbon Emissions and Sequestration Potential of Central African Ecosystems}},
    year = {2001},
    journal = {AMBIO:  A Journal of the Human Environment},
    author = {Zhang, Quanfa and Justice, Christopher O},
    number = {6},
    month = {9},
    pages = {351--355},
    volume = {30},
    publisher = {Royal Swedish Academy of Sciences},
    doi = {10.1579/0044-7447-30.6.351},
    issn = {0044-7447}
}

@article{Kaiser2000Panel039Sinks039,
    title = {{Panel Estimates Possible Carbon {\&}{\#}039;Sinks{\&}{\#}039;}},
    year = {2000},
    journal = {Science},
    author = {Kaiser, Jocelyn},
    number = {5468},
    month = {5},
    pages = {942 LP  - 943},
    volume = {288}
}

@incollection{Venter2012RecarbonizationCycle,
    title = {{Recarbonization of the Humid Tropics BT  - Recarbonization of the Biosphere: Ecosystems and the Global Carbon Cycle}},
    year = {2012},
    author = {Venter, Michelle and Venter, Oscar and Laurance, Susan and Bird, Michael},
    editor = {Lal, Rattan and Lorenz, Klaus and H{\"{u}}ttl, Reinhard F and Schneider, Bernd Uwe and von Braun, Joachim},
    pages = {229--252},
    publisher = {Springer Netherlands},
    address = {Dordrecht},
    isbn = {978-94-007-4159-1},
    doi = {10.1007/978-94-007-4159-1{\_}11}
}

@article{McKinley2011AStates,
    title = {{A synthesis of current knowledge on forests and carbon storage in the United States}},
    year = {2011},
    journal = {Ecological Applications},
    author = {McKinley, D.C. and Ryan, M.G. and Birdsey, R.A. and Giardina, C.P. and Harmon, M.E. and Heath, L.S. and Houghton, R.A. and Jackson, R.B. and Morrison, J.F. and Murray, B.C. and {others}},
    number = {6},
    pages = {1902–1924},
    volume = {21}
}

@article{Hu2015CO2System,
    title = {{CO2 fixation, lipid production, and power generation by a novel air-lift-type microbial carbon capture cell system}},
    year = {2015},
    journal = {Environmental science {\&} technology},
    author = {Hu, Xia and Liu, Baojun and Zhou, Jiti and Jin, Ruofei and Qiao, Sen and Liu, Guangfei},
    number = {17},
    pages = {10710–10717},
    volume = {49}
}

@article{Erb2012TheTechnology,
    title = {{The interrelations of future global bioenergy potentials, food demand, and agricultural technology}},
    year = {2012},
    journal = {Socioeconomic and Environmental Impacts of Biofuels: Evidence from Developing Nations},
    author = {Erb, K.-H.a b c and Mayer, A.a b c and Krausmann, F.a b c and Lauk, C.a b c and Plutzar, C.a b c and Steinberger, J.d and Haberl, H.a b c},
    pages = {27--52},
    isbn = {1107009359},
    doi = {10.1017/CBO9780511920899.005}
}

@incollection{Sedjo1991ClimateForests,
    title = {{Climate and forests}},
    year = {1991},
    booktitle = {Greenhouse Warming: Abatement and Adaptation},
    author = {Sedjo, R.A. and Solomon, A.M.},
    publisher = {Resources for the Future}
}

@article{Rochedo2016CarbonBrazil,
    title = {{Carbon capture potential and costs in Brazil}},
    year = {2016},
    journal = {Journal of Cleaner Production},
    author = {Rochedo, Pedro R.R. and Costa, Isabella V.L. and Imp{\'{e}}rio, Mariana and Hoffmann, Bettina Susanne and Merschmann, Paulo Roberto De C. and Oliveira, Camilla C.N. and Szklo, Alexandre and Schaeffer, Roberto},
    pages = {280--295},
    volume = {131},
    isbn = {0959-6526},
    doi = {10.1016/j.jclepro.2016.05.033},
    issn = {09596526}
}

@article{Wang2014TheClimate,
    title = {{The biogeophysical effects of extreme afforestation in modeling future climate}},
    year = {2014},
    journal = {Theoretical and Applied Climatology},
    author = {Wang, Ye and Yan, Xiaodong and Wang, Zhaomin},
    number = {3},
    pages = {511--521},
    volume = {118},
    doi = {10.1007/s00704-013-1085-8},
    issn = {1434-4483}
}

@article{Huang2012CarbonFuture,
    title = {{Carbon sequestration by forestation across China: Past, present, and future}},
    year = {2012},
    journal = {Renewable and Sustainable Energy Reviews},
    author = {Huang, Lin and Liu, Jiyuan and Shao, Quanqin and Xu, Xinliang},
    number = {2},
    month = {2},
    pages = {1291--1299},
    volume = {16},
    doi = {https://doi.org/10.1016/j.rser.2011.10.004},
    issn = {1364-0321}
}

@article{Jackson2005TradingSequestration,
    title = {{Trading water for carbon with biological carbon sequestration}},
    year = {2005},
    journal = {Science},
    author = {Jackson, R B and Jobbagy, E G and Avissar, R and Roy, S B and Barrett, D J and Cook, C W and Farley, K A and le Maitre, D C and McCarl, B A and Murray, B C},
    number = {5756},
    pages = {1944--1947},
    volume = {310},
    isbn = {1095-9203 (Electronic)0036-8075 (Linking)},
    doi = {10.1126/science.1119282},
    pmid = {16373572}
}

@misc{Bright2015QuantifyingActivities,
    title = {{Quantifying surface albedo and other direct biogeophysical climate forcings of forestry activities}},
    year = {2015},
    booktitle = {Global Change Biology},
    author = {Bright, Ryan M. and Zhao, Kaiguang and Jackson, Robert B. and Cherubini, Francesco},
    number = {9},
    month = {9},
    pages = {3246--3266},
    volume = {21},
    isbn = {1365-2486},
    doi = {10.1111/gcb.12951},
    issn = {13652486},
    pmid = {25914206}
}

@article{Lemus2005BioenergySequestration,
    title = {{Bioenergy Crops and Carbon Sequestration}},
    year = {2005},
    journal = {Critical Reviews in Plant Sciences},
    author = {Lemus, R. and Lal, R.},
    number = {1},
    pages = {1--21},
    volume = {24},
    isbn = {0735-2689},
    doi = {10.1080/07352680590910393},
    issn = {0735-2689},
    pmid = {227383100001}
}

@article{Sanz-Perez2016DirectAir,
    title = {{Direct capture of CO2 from ambient air}},
    year = {2016},
    journal = {Chemical reviews},
    author = {Sanz-P{\'{e}}rez, Eloy S. and Murdock, Christopher R. and Didas, Stephanie A. and Jones, Christopher W.},
    number = {19},
    pages = {11840–11876},
    volume = {116}
}

@article{Chen2013DirectAssessment,
    title = {{Direct air capture of CO2 and climate stabilization: A model based assessment}},
    year = {2013},
    journal = {Climatic Change},
    author = {Chen, Chen and Tavoni, Massimo},
    number = {1},
    month = {5},
    pages = {59--72},
    volume = {118},
    publisher = {Springer Netherlands},
    doi = {10.1007/s10584-013-0714-7},
    issn = {0165-0009}
}

@article{Hans-Holger2006EnergyPotentials.,
    title = {{Energy resources and potentials.}},
    year = {2006},
    journal = {Global Energy Assessment—Toward a Sustainable Future},
    author = {Hans-Holger, Rogner},
    pages = {425--512},
    isbn = {9781107005198}
}

@article{Dickinson2015Cost-benefitAgriculture,
    title = {{Cost-benefit analysis of using biochar to improve cereals agriculture}},
    year = {2015},
    journal = {GCB Bioenergy},
    author = {Dickinson, Dane and Balduccio, Ludovico and Buysse, Jeroen and Ronsse, Frederik and van Huylenbroeck, Guido and Prins, Wolter},
    number = {4},
    month = {7},
    pages = {850--864},
    volume = {7},
    doi = {10.1111/gcbb.12180},
    issn = {1757-1707},
    language = {en}
}

@article{Holmes2013OutdoorDioxide,
    title = {{Outdoor prototype results for direct atmospheric capture of carbon dioxide}},
    year = {2013},
    journal = {Energy Procedia},
    author = {Holmes, Geoffrey and Nold, Kevin and Walsh, Tylor and Heidel, Kenton and Henderson, Matthew A. and Ritchie, Jane and Klavins, Paul and Singh, Arvinder and Keith, David W.},
    pages = {6079–6095},
    volume = {37}
}

@article{Rogelj2015EnergydegC,
    title = {{Energy system transformations for limiting end-of-century warming to below 1.5 [deg]C}},
    year = {2015},
    journal = {Nature Clim. Change},
    author = {Rogelj, Joeri and Luderer, Gunnar and Pietzcker, Robert C and Kriegler, Elmar and Schaeffer, Michiel and Krey, Volker and Riahi, Keywan},
    number = {6},
    month = {6},
    pages = {519--527},
    volume = {5},
    publisher = {Nature Publishing Group, a division of Macmillan Publishers Limited. All Rights Reserved.},
    issn = {1758-678X}
}

@article{Vangkilde-Pedersen2008ProjectDioxide,
    title = {{Project no . SES6-518318 EU GeoCapacity Assessing European Capacity for Geological Storage of Carbon Dioxide}},
    year = {2008},
    author = {Vangkilde-Pedersen, Thomas and Kirk, Karen and Vincke, Olivier and Neele, Filip and Nindre, Yves-Michel Le},
    pages = {63}
}

@article{Humpenoder2014InvestigatingStrategies,
    title = {{Investigating afforestation and bioenergy CCS as climate change mitigation strategies}},
    year = {2014},
    journal = {Environmental Research Letters},
    author = {Humpen{\"{o}}der, Florian and Popp, Alexander and Dietrich, Jan Philip and Klein, David and Lotze-Campen, Hermann and Bonsch, Markus and Bodirsky, Benjamin Leon and Weindl, Isabelle and Stevanovic, Miodrag and M{\"{u}}ller, Christoph},
    number = {6},
    pages = {64029},
    volume = {9},
    doi = {10.1088/1748-9326/9/6/064029},
    issn = {1748-9326}
}

@article{Mollersten2004EfficientMills,
    title = {{Efficient energy systems with CO2 capture and storage from renewable biomass in pulp and paper mills}},
    year = {2004},
    journal = {Renewable Energy},
    author = {M{\"{o}}llersten, Kenneth and Gao, Lin and Yan, Jinyue and Obersteiner, Michael},
    number = {9},
    month = {7},
    pages = {1583--1598},
    volume = {29},
    doi = {10.1016/j.renene.2004.01.003},
    issn = {09601481}
}

@article{Winjum1993ForestNations,
    title = {{Forest management and carbon storage: An analysis of 12 key forest nations}},
    year = {1993},
    journal = {Water, Air, and Soil Pollution},
    author = {Winjum, Jack K and Dixon, Robert K and Schroeder, Paul E},
    number = {1},
    pages = {239--257},
    volume = {70},
    doi = {10.1007/BF01105000},
    issn = {1573-2932}
}

@article{Kothandaraman2016ConversionCatalyst,
    title = {{Conversion of CO2 from Air into Methanol Using a Polyamine and a Homogeneous Ruthenium Catalyst}},
    year = {2016},
    journal = {Journal of the American Chemical Society},
    author = {Kothandaraman, Jotheeswari and Goeppert, Alain and Czaun, Miklos and Olah, George A. and Prakash, G. K. Surya},
    number = {3},
    month = {1},
    pages = {778--781},
    volume = {138},
    doi = {10.1021/jacs.5b12354},
    issn = {0002-7863}
}

@article{MacDowell2017TheChange,
    title = {{The role of CO2 capture and utilization in mitigating climate change}},
    year = {2017},
    journal = {Nature Climate Change},
    author = {Mac Dowell, Niall and Fennell, Paul S. and Shah, Nilay and Maitland, Geoffrey C.},
    number = {4},
    pages = {243--249},
    volume = {7},
    publisher = {Nature Publishing Group},
    isbn = {1758-678X 1758-6798},
    doi = {10.1038/nclimate3231},
    issn = {1758-678X}
}

@article{Li2009CO2China,
    title = {{CO2 point emission and geological storage capacity in China}},
    year = {2009},
    journal = {Energy Procedia},
    author = {Li, X. and Wei, N. and Liu, Y. and Fang, Z. and Dahowski, R.T. and Davidson, C.L.},
    number = {1},
    month = {2},
    pages = {2793--2800},
    volume = {1},
    doi = {10.1016/j.egypro.2009.02.051},
    issn = {18766102}
}

@article{Sheng2016ReducedSoil,
    title = {{Reduced carbon sequestration potential of biochar in acidic soil}},
    year = {2016},
    journal = {Science of The Total Environment},
    author = {Sheng, Yaqi and Zhan, Yu and Zhu, Lizhong},
    month = {7},
    pages = {129--137},
    volume = {572},
    doi = {10.1016/j.scitotenv.2016.07.140},
    issn = {0048-9697}
}

@article{Smith2016PreliminaryUK,
    title = {{Preliminary assessment of the potential for, and limitations to, terrestrial negative emission technologies in the UK}},
    year = {2016},
    journal = {Environ. Sci.: Processes Impacts},
    author = {Smith, Pete and Haszeldine, R. Stuart and Smith, Stephen M.},
    number = {11},
    month = {11},
    pages = {1400--1405},
    volume = {18},
    publisher = {The Royal Society of Chemistry},
    doi = {10.1039/C6EM00386A},
    issn = {2050-7887}
}

@article{Nemet2012WillingnessCapture,
    title = {{Willingness to Pay for a Climate Backstop: Liquid Fuel Producers and Direct CO₂ Air Capture}},
    year = {2012},
    journal = {The Energy Journal},
    author = {Nemet, Gregory F. and Brandt, Adam R.},
    number = {1},
    pages = {53–81},
    volume = {33}
}

@article{Karki2013CCSUtilization,
    title = {{CCS feasibility improvement in industrial and municipal applications by heat utilization}},
    year = {2013},
    journal = {Energy Procedia},
    author = {K{\"{a}}rki, Janne and Tsupari, Eemeli and Arasto, Antti},
    pages = {2611--2621},
    volume = {37},
    publisher = {Elsevier B.V.},
    isbn = {18766102},
    doi = {10.1016/j.egypro.2013.06.145},
    issn = {18766102}
}

@article{McLaren2012ATechnologies,
    title = {{A comparative global assessment of potential negative emissions technologies}},
    year = {2012},
    journal = {Special Issue: Negative emissions technology},
    author = {McLaren, Duncan},
    number = {6},
    month = {11},
    pages = {489--500},
    volume = {90},
    doi = {10.1016/j.psep.2012.10.005},
    issn = {0957-5820}
}

@article{House2011EconomicAir,
    title = {{Economic and energetic analysis of capturing CO2 from ambient air}},
    year = {2011},
    journal = {Proceedings of the National Academy of Sciences},
    author = {House, Kurt Zenz and Baclig, Antonio C. and Ranjan, Manya and van Nierop, Ernst A. and Wilcox, Jennifer and Herzog, Howard J.},
    number = {51},
    pages = {20428–20433},
    volume = {108}
}

@article{Funk2014ModelingLandscape,
    title = {{Modeling the impact of carbon farming on land use in a New Zealand landscape}},
    year = {2014},
    journal = {Environmental Science {\&} Policy},
    author = {Funk, Jason M and Field, Christopher B and Kerr, Suzi and Daigneault, Adam},
    month = {3},
    pages = {1--10},
    volume = {37},
    doi = {https://doi.org/10.1016/j.envsci.2013.08.008},
    issn = {1462-9011}
}

@article{Yamamoto2000ScenarioModel,
    title = {{Scenario analysis of bioenergy resources and CO2 emissions with a global land use and energy model}},
    year = {2000},
    journal = {Applied Energy},
    author = {Yamamoto, Hiromi and Yamaji, Kenji and Fujino, Junichi},
    number = {4},
    pages = {325--337},
    volume = {66},
    isbn = {0306-2619},
    doi = {10.1016/S0306-2619(00)00019-2},
    issn = {03062619},
    pmid = {445}
}

@article{Xu2013EstimatingChina,
    title = {{Estimating realized and potential carbon storage benefits from reforestation and afforestation under climate change: a case study of the Qinghai spruce forests in the Qilian Mountains, northwestern China}},
    year = {2013},
    journal = {Mitigation and Adaptation Strategies for Global Change},
    author = {Xu, Zhonglin and Zhao, Chuanyan and Feng, Zhaodong and Zhang, Fang and Sher, Hassan and Wang, Chao and Peng, Huanhua and Wang, Ying and Zhao, Yang and Wang, Yao and Peng, Shouzhang and Zheng, Xianglin},
    number = {8},
    pages = {1257--1268},
    volume = {18},
    doi = {10.1007/s11027-012-9420-4},
    issn = {1573-1596}
}

@article{Kondrashov2004RussianRestoration,
    title = {{Russian Far East forest disturbances and socio-economic problems of restoration}},
    year = {2004},
    journal = {Forest Ecology and Management},
    author = {Kondrashov, Leonid G},
    number = {1},
    month = {11},
    pages = {65--74},
    volume = {201},
    doi = {https://doi.org/10.1016/j.foreco.2004.06.012},
    issn = {0378-1127}
}

@article{Minx2017TheEmissions,
    title = {{The fast-growing dependence on negative emissions}},
    year = {2017},
    author = {Minx, Jan C. and Luderer, G. and Creutzig, F. and Fuss, S. and Edenhofer, O.},
    volume = {submitted}
}

@article{Powell2012FutureTrends,
    title = {{Future carbon dioxide removal via biomass energy constrained by agricultural efficiency and dietary trends}},
    year = {2012},
    journal = {Energy {\&} Environmental Science},
    author = {Powell, Thomas W R and Lenton, Timothy M},
    number = {8},
    month = {7},
    pages = {8116},
    volume = {5},
    doi = {10.1039/c2ee21592f},
    issn = {1754-5692, 1754-5706},
    language = {en}
}

@article{Zhang2003PotentialForests,
    title = {{Potential carbon sequestration in China’s forests}},
    year = {2003},
    journal = {Environmental Science {\&} Policy},
    author = {Zhang, Xiao-Quan and Xu, Deying},
    number = {5},
    pages = {421--432},
    volume = {6},
    doi = {http://dx.doi.org/10.1016/S1462-9011(03)00072-8},
    issn = {1462-9011}
}

@article{vanMinnen2008QuantifyingModel,
    title = {{Quantifying the effectiveness of climate change mitigation through forest plantations and carbon sequestration with an integrated land-use model}},
    year = {2008},
    journal = {Carbon Balance and Management},
    author = {van Minnen, Jelle G and Strengers, Bart J and Eickhout, Bas and Swart, Rob J and Leemans, Rik},
    month = {4},
    pages = {3},
    volume = {3},
    publisher = {BioMed Central},
    doi = {10.1186/1750-0680-3-3},
    issn = {1750-0680}
}

@article{Brown1995ManagementEmissions,
    title = {{Management of forests for mitigation of greenhouse gas emissions}},
    year = {1995},
    author = {Brown, S and Sathaye, J and Cannell, M and Kauppi, P E}
}

@article{Socolow2011DirectChemicals,
    title = {{Direct air capture of CO2 with chemicals}},
    year = {2011},
    journal = {A Technology Assessment for the APS Panel on Public Affairs},
    author = {Socolow, Robert and Desmond, Michael and Aines, Roger and Blackstock, Jason and Bolland, Olav and Kaarsberg, Tina and Lewis, Nathan and Mazzotti, Marco and Pfeffer, Allen and Sawyer, Karma}
}

@article{IEAGHG2005BuildingSector,
    title = {{Building the Cost Curves for CO2 storage: European Sector}},
    year = {2005},
    author = {{IEA GHG}},
    pages = {162},
    isbn = {2005/02},
    doi = {2005/2}
}

@article{deRichter2017RemovalPhotocatalysis,
    title = {{Removal of non-CO2 greenhouse gases by large-scale atmospheric solar photocatalysis}},
    year = {2017},
    journal = {Progress in Energy and Combustion Science},
    author = {de Richter, Renaud and Ming, Tingzhen and Davies, Philip and Liu, Wei and Caillol, Sylvain},
    month = {5},
    pages = {68--96},
    volume = {60},
    doi = {https://doi.org/10.1016/j.pecs.2017.01.001}
}

@article{Buck2016RapidImplications,
    title = {{Rapid scale-up of negative emissions technologies: social barriers and social implications}},
    year = {2016},
    journal = {Climatic Change},
    author = {Buck, Holly Jean},
    number = {2},
    pages = {155--167},
    volume = {139},
    publisher = {Climatic Change},
    doi = {10.1007/s10584-016-1770-6},
    issn = {15731480}
}

@article{Greve2013SpatialFeasibility,
    title = {{Spatial optimization of carbon-stocking projects across Africa integrating stocking potential with co-benefits and feasibility}},
    year = {2013},
    journal = {Nature Communications},
    author = {Greve, Michelle and Reyers, Belinda and Mette Lykke, Anne and Svenning, Jens-Christian},
    month = {12},
    pages = {2975},
    volume = {4},
    publisher = {Nature Publishing Group, a division of Macmillan Publishers Limited. All Rights Reserved.}
}

@article{Li2014LithologicalForests,
    title = {{Lithological control on phytolith carbon sequestration in moso bamboo forests}},
    year = {2014},
    author = {Li, B. and Song, Z. and Wang, H. and Li, Z. and Jiang, P. and Zhou., G.},
    month = {6},
    pages = {5262},
    volume = {4},
    publisher = {The Author(s)}
}

@article{Keith2009WhyAtmosphere,
    title = {{Why Capture CO<sub>2</sub> from the Atmosphere?}},
    year = {2009},
    journal = {Science},
    author = {Keith, David W.},
    number = {5948},
    month = {9},
    pages = {1654--1655},
    volume = {325}
}

@incollection{Fuss2017OxfordBECCS,
    title = {{Oxford Research Encyclopedia of Climate Science: The 1.5{${}^\circ$}C Target , Political Implications, and the Role of BECCS}},
    year = {2017},
    author = {Fuss, Sabine},
    number = {July},
    pages = {1--29},
    isbn = {9780190228620},
    doi = {10.1093/acrefore/9780190228620.013.585}
}

@article{Obersteiner2006GlobalActivities,
    title = {{Global supply of biomass for energy and carbon sequestration from afforestation/reforestation activities}},
    year = {2006},
    journal = {Mitigation and Adaptation Strategies for Global Change},
    author = {Obersteiner, Michael and Alexandrov, G. and Ben{\'{i}}tez, Pablo C. and McCallum, Ian and Kraxner, Florian and Riahi, Keywan and Rokityanskiy, Dmitry and Yamagata, Yoshiki},
    number = {5-6},
    pages = {1003--1021},
    volume = {11},
    isbn = {1381-2386},
    doi = {10.1007/s11027-006-9031-z},
    issn = {13812386}
}

@article{Tokimatsu2017GlobalUse,
    title = {{Global zero emissions scenarios: The role of biomass energy with carbon capture and storage by forested land use}},
    year = {2017},
    journal = {Applied Energy},
    author = {Tokimatsu, Koji and Yasuoka, Rieko and Nishio, Masahiro},
    pages = {1899--1906},
    volume = {185},
    publisher = {Elsevier Ltd},
    doi = {10.1016/j.apenergy.2015.11.077},
    issn = {03062619}
}

@article{Bozzi2015MimickingLandscapes,
    title = {{Mimicking biochar-albedo feedback in complex Mediterranean agricultural landscapes}},
    year = {2015},
    journal = {Environmental Research Letters},
    author = {Bozzi, E and Genesio, L and Toscano, P and Pieri, M and Miglietta, F},
    number = {8},
    month = {7},
    pages = {84014},
    volume = {10},
    doi = {10.1088/1748-9326/10/8/084014},
    issn = {1748-9326},
    language = {en}
}

@article{Karnosky2003ChangingBenefit,
    title = {{Changing atmospheric carbon dioxide: A threat or benefit?}},
    year = {2003},
    journal = {Developments in Environmental Science},
    author = {Karnosky, D. F. and Sharma, P. and Thakur, R. C. and Kinouchi, M. and King, J. and Kubiske, M. E. and Birdsey, R. A.},
    number = {C},
    pages = {57--84},
    volume = {3},
    isbn = {1474-8177},
    doi = {10.1016/S1474-8177(03)03003-1},
    issn = {14748177}
}

@article{vanKooten1992PotentialConsiderations,
    title = {{Potential to Sequester Carbon in Canadian Forests: Some Economic Considerations}},
    year = {1992},
    journal = {Canadian Public Policy / Analyse de Politiques},
    author = {van Kooten, G C and Arthur, Louise M and Wilson, W R},
    number = {2},
    pages = {127--138},
    volume = {18},
    publisher = {[University of Toronto Press, Canadian Public Policy]},
    doi = {10.2307/3551419},
    issn = {03170861, 19119917}
}

@article{Nijsen2012AnLands,
    title = {{An evaluation of the global potential of bioenergy production on degraded lands}},
    year = {2012},
    journal = {GCB Bioenergy},
    author = {Nijsen, Michiel and Smeets, Edward and Stehfest, Elke and van Vuuren, Detlef P.},
    number = {2},
    pages = {130--147},
    volume = {4},
    isbn = {1757-1693},
    doi = {10.1111/j.1757-1707.2011.01121.x},
    issn = {17571693}
}

@article{Roos2017Protein2050,
    title = {{Protein futures for Western Europe: potential land use and climate impacts in 2050}},
    year = {2017},
    journal = {Regional Environmental Change},
    author = {R{\"{o}}{\"{o}}s, Elin and Baj{\v{z}}elj, Bojana and Smith, Pete and Patel, Mikaela and Little, David and Garnett, Tara},
    number = {2},
    month = {2},
    pages = {367--377},
    volume = {17},
    publisher = {Springer Berlin Heidelberg},
    doi = {10.1007/s10113-016-1013-4},
    issn = {1436378X}
}

@article{Sonntag2016ReforestationFor,
    title = {{Reforestation in a high-CO2 world—Higher mitigation potential than expected, lower adaptation potential than hoped for}},
    year = {2016},
    journal = {Geophysical Research Letters},
    author = {Sonntag, Sebastian and Pongratz, Julia and Reick, Christian H and Schmidt, Hauke},
    number = {12},
    month = {6},
    pages = {6546--6553},
    volume = {43},
    doi = {10.1002/2016GL068824},
    issn = {1944-8007}
}

@article{Jiang2016ControlsIncubations,
    title = {{Controls and dynamics of biochar decomposition and soil microbial abundance, composition, and carbon use efficiency during long-term biochar-amended soil incubations}},
    year = {2016},
    journal = {Biology and Fertility of Soils},
    author = {Jiang, Xinyu and Denef, Karolien and Stewart, Catherine E and Cotrufo, M Francesca},
    number = {1},
    month = {7},
    pages = {1--14},
    volume = {52},
    doi = {10.1007/s00374-015-1047-7},
    issn = {0178-2762, 1432-0789},
    language = {en}
}

@unpublished{Lackner1999CarbonOption,
    title = {{Carbon dioxide extraction from air: Is it an option?}},
    year = {1999},
    author = {Lackner, Klaus and Ziock, Hans-Joachim and Grimes, Patrick},
    publisher = {Los Alamos National Lab., NM (US)}
}

@article{Song2013TheSequestration,
    title = {{The production of phytolith-occluded carbon in China's forests: implications to biogeochemical carbon sequestration}},
    year = {2013},
    journal = {Global Change Biology},
    author = {Song, Zhaoliang and Liu, Hongyan and Li, Beilei and Yang, Xiaomin},
    number = {9},
    month = {9},
    pages = {2907--2915},
    volume = {19},
    doi = {10.1111/gcb.12275},
    issn = {1365-2486}
}

@article{Jackson2010OpportunitiesMitigation,
    title = {{Opportunities and Constraints for Forest Climate Mitigation}},
    year = {2010},
    journal = {BioScience},
    author = {Jackson, R.B. and Baker, J.S.},
    number = {9},
    month = {10},
    pages = {698--707},
    volume = {60},
    doi = {10.1525/bio.2010.60.9.7},
    issn = {0006-3568, 1525-3244}
}

@article{Sohngen2003AnSequestration,
    title = {{An optimal control model of forest carbon sequestration}},
    year = {2003},
    journal = {Am J Agric Econ},
    author = {Sohngen, B. and Mendelsohn, R.},
    number = {2},
    pages = {448–457},
    volume = {85}
}

@article{Sakwa-Novak2016PolyAir,
    title = {{Poly (ethylenimine)-Functionalized Monolithic Alumina Honeycomb Adsorbents for CO2 Capture from Air}},
    year = {2016},
    journal = {ChemSusChem},
    author = {Sakwa-Novak, Miles A. and Yoo, Chun-Jae and Tan, Shuai and Rashidi, Fereshteh and Jones, Christopher W.},
    number = {14},
    pages = {1859–1868},
    volume = {9}
}

@article{Luderer2013EconomicTargets,
    title = {{Economic mitigation challenges: how further delay closes the door for achieving climate targets}},
    shorttitle = {Economic mitigation challenges},
    year = {2013},
    journal = {Environmental Research Letters},
    author = {Luderer, Gunnar and Pietzcker, Robert C. and Bertram, Christoph and Kriegler, Elmar and Meinshausen, Malte and Edenhofer, Ottmar},
    number = {3},
    month = {9},
    pages = {034033},
    volume = {8},
    doi = {10.1088/1748-9326/8/3/034033},
    issn = {1748-9326},
    language = {en}
}

@article{Chen2013DirectAssessmentb,
    title = {{Direct air capture of CO2 and climate stabilization: A model based assessment}},
    year = {2013},
    journal = {Climatic Change},
    author = {Chen, Chen and Tavoni, Massimo},
    number = {1},
    pages = {59--72}
}

@article{Rheinhardt2012CarbonLandscape,
    title = {{Carbon storage of headwater riparian zones in an agricultural landscape}},
    year = {2012},
    journal = {Carbon Balance and Management},
    author = {Rheinhardt, Richard D and Brinson, Mark M and Meyer, Gregory F and Miller, Kevin H},
    number = {1},
    pages = {4},
    volume = {7},
    doi = {10.1186/1750-0680-7-4},
    issn = {1750-0680}
}

@article{Stolaroff2012ReviewArctic,
    title = {{Review of methane mitigation technologies with application to rapid release of methane from the Arctic}},
    year = {2012},
    journal = {Environmental Science {\&} Technology},
    author = {Stolaroff, Joshuah K and Bhattacharyya, Subarna and Smith, Clara A and Bourcier, William L and Cameron-smith, Philip J and Aines, Roger D},
    pages = {6455--6469},
    volume = {46},
    doi = {10.1021/es204686w}
}

@article{Nilsson1995TheProgram,
    title = {{The carbon-sequestration potential of a global afforestation program}},
    year = {1995},
    journal = {Climatic Change},
    author = {Nilsson, Sten and Schopfhauser, Wolfgang},
    number = {3},
    pages = {267--293},
    volume = {30},
    doi = {10.1007/BF01091928},
    issn = {1573-1480}
}

@article{Mazzotti2013DirectContactor,
    title = {{Direct air capture of CO2 with chemicals: optimization of a two-loop hydroxide carbonate system using a countercurrent air-liquid contactor}},
    year = {2013},
    journal = {Climatic change},
    author = {Mazzotti, Marco and Baciocchi, Renato and Desmond, Michael J. and Socolow, Robert H.},
    number = {1},
    pages = {119–135},
    volume = {118}
}

@article{Hakala2008FieldSource,
    title = {{Field biomass as global energy source}},
    year = {2008},
    journal = {Agricultural and Food Science},
    author = {Hakala, K and Kontturi, M and Pahkala, K},
    number = {3-4},
    month = {12},
    pages = {347--365},
    volume = {18}
}

@article{Dooley2013EstimatingLiterature,
    title = {{Estimating the supply and demand for deep geologic CO2 storage capacity over the course of the 21st century: A meta-analysis of the literature}},
    year = {2013},
    journal = {Energy Procedia},
    author = {Dooley, James J.},
    pages = {5141--5150},
    volume = {37},
    publisher = {Elsevier B.V.},
    isbn = {1301314676},
    doi = {10.1016/j.egypro.2013.06.429},
    issn = {18766102}
}

@article{Carbo2011BioCost,
    title = {{Bio energy with CCS (BECCS): Large potential for BioSNG at low CO {\\\}                    2 avoidance cost}},
    year = {2011},
    journal = {Energy Procedia},
    author = {Carbo, Michiel C. and Smit, Ruben and Van Der Drift, Bram and Jansen, Daniel},
    pages = {2950--2954},
    volume = {4},
    publisher = {Elsevier},
    isbn = {1876-6102},
    doi = {10.1016/j.egypro.2011.02.203},
    issn = {18766102}
}

@article{Cornelissen2012TheSystem,
    title = {{The role of bioenergy in a fully sustainable global energy system}},
    year = {2012},
    journal = {Biomass and Bioenergy},
    author = {Cornelissen, Stijn and Koper, Michèle and Deng, Yvonne Y.},
    pages = {21--33},
    volume = {41},
    isbn = {9781482232769},
    doi = {10.1016/j.biombioe.2011.12.049},
    issn = {09619534}
}

@article{Laganiere2010CarbonMeta-analysis,
    title = {{Carbon accumulation in agricultural soils after afforestation: a meta-analysis}},
    year = {2010},
    journal = {Global Change Biology},
    author = {Laganiere, JÉRÔME and Angers, DENIS A and Pare, DAVID},
    number = {1},
    month = {1},
    pages = {439--453},
    volume = {16},
    publisher = {Blackwell Publishing Ltd},
    doi = {10.1111/j.1365-2486.2009.01930.x},
    issn = {1365-2486}
}

@article{Vinson1996GreenhouseAssessments,
    title = {{Greenhouse gas mitigation options in the Forest sector of Russia: National and project level assessments}},
    year = {1996},
    journal = {Environmental Management},
    author = {Vinson, Ted S and Kolchugina, Tatyana P and Andrasko, Kenneth A},
    number = {1},
    pages = {S111-S118},
    volume = {20},
    doi = {10.1007/BF01204199},
    issn = {1432-1009}
}

@unpublished{IEAGHG1998EnhancedPH3/3,
    title = {{Enhanced Coal Bed Methane Recovery with CO 2 Sequestration PH3/3}},
    year = {1998},
    author = {{IEA GHG}}
}

@article{Lackner2012TheAir,
    title = {{The urgency of the development of CO<sub>2</sub> capture from ambient air}},
    year = {2012},
    journal = {Proceedings of the National Academy of Sciences},
    author = {Lackner, K. S. and Brennan, S. and Matter, J. M. and Park, A. H. A. and Wright, A. and Van Der Zwaan, B.},
    number = {33},
    pages = {13156–13162},
    volume = {109}
}

@article{Koornneef2012Global2050,
    title = {{Global potential for biomass and carbon dioxide capture, transport and storage up to 2050}},
    year = {2012},
    journal = {International Journal of Greenhouse Gas Control},
    author = {Koornneef, Joris and van Breevoort, Pieter and Hamelinck, Carlo and Hendriks, Chris and Hoogwijk, Monique and Koop, Klaas and Koper, Mich??le and Dixon, Tim and Camps, Ameena},
    pages = {117--132},
    volume = {11},
    publisher = {Elsevier Ltd},
    isbn = {1750-5836},
    doi = {10.1016/j.ijggc.2012.07.027},
    issn = {17505836}
}

@incollection{Lenton2014CHAPTERRemoval,
    title = {{CHAPTER 3 The Global Potential for Carbon Dioxide Removal}},
    year = {2014},
    booktitle = {Geoengineering of the Climate System},
    author = {Lenton, Timothy M},
    pages = {52--79},
    publisher = {The Royal Society of Chemistry},
    isbn = {978-1-84973-953-5},
    doi = {10.1039/9781782621225-00052}
}

@misc{Suganuma2012EstimationAustralia,
    title = {{Estimation of CO<inf>2</inf> reduction amount by arid land afforestation in Western Australia}},
    year = {2012},
    booktitle = {2012 IEEE International Geoscience and Remote Sensing Symposium},
    author = {Suganuma, H and Egashira, Y and Utsugi, H and Kojima, T},
    pages = {7216--7219},
    isbn = {2153-6996 VO  -},
    doi = {10.1109/IGARSS.2012.6351997}
}

@article{Fabbri2011FromSystem,
    title = {{From geology to economics: Technico-economic feasibility of a biofuel-CCS system}},
    year = {2011},
    journal = {Energy Procedia},
    author = {Fabbri, A. and Bonijoly, D. and Bouc, O. and Bureau, G. and Castagnac, C. and Chapuis, F. and Gali{\`{e}}gue, X. and Laude, A. and Le Gallo, Y. L. and Grataloup, S. and Ricci, O. and Royer-Adnot, J. and Zammit, C.},
    pages = {2901--2908},
    volume = {4},
    publisher = {Elsevier},
    doi = {10.1016/j.egypro.2011.02.197},
    issn = {18766102}
}

@article{Meylan2015COOverview,
    title = {{CO 2 utilization in the perspective of industrial ecology, an overview}},
    year = {2015},
    journal = {Journal of CO2 Utilization},
    author = {Meylan, Frédéric D. and Moreau, Vincent and Erkman, Suren},
    pages = {101–108},
    volume = {12}
}

@incollection{Glover2008AfforestationSymposium,
    title = {{Afforestation on Power Line Rights-of-Way Using Speckled Alder (Alnus rugosa) BT  - Environment Concerns in Rights-of-Way Management 8th International Symposium}},
    year = {2008},
    author = {Glover, Edward J and Young, Robert F},
    pages = {765--773},
    publisher = {Elsevier},
    address = {Amsterdam},
    isbn = {978-0-444-53223-7},
    doi = {https://doi.org/10.1016/B978-044453223-7.50083-6}
}

@article{Zeman2014ReducingCO2,
    title = {{Reducing the cost of Ca-based direct air capture of CO2}},
    year = {2014},
    journal = {Environ. Sci. Technol},
    author = {Zeman, Frank},
    number = {19},
    pages = {11730–11735},
    volume = {48}
}

@article{Lee2010Sustainability:Sequestration,
    title = {{Sustainability: the capacity of smokeless biomass pyrolysis for energy production, global carbon capture and sequestration}},
    year = {2010},
    journal = {Energy {\&} Environmental Science},
    author = {Lee, James Weifu and Hawkins, Bob and Day, Danny M. and Reicosky, Donald C.},
    number = {11},
    pages = {1695},
    volume = {3},
    isbn = {1754-5692},
    doi = {10.1039/c004561f},
    issn = {1754-5692}
}

@article{Anderson2011BiophysicalProtection,
    title = {{Biophysical considerations in forestry for climate protection}},
    year = {2011},
    journal = {Frontiers in Ecology and the Environment},
    author = {Anderson, Ray G and Canadell, Josep G and Randerson, James T and Jackson, Robert B and Hungate, Bruce A and Baldocchi, Dennis D and Ban-Weiss, George A and Bonan, Gordon B and Caldeira, Ken and Cao, Long and Diffenbaugh, Noah S and Gurney, Kevin R and Kueppers, Lara M and Law, Beverly E and Luyssaert, Sebastiaan and O'Halloran, Thomas L},
    month = {4},
    pages = {174--182},
    volume = {9},
    doi = {10.1890/090179},
    issn = {1540-9295}
}

@article{Greaves2015ForestryCollector,
    title = {{Forestry plantations of Pinus caribaea in Venezuela as a solar energy collector}},
    year = {2015},
    journal = {Interciencia},
    author = {Greaves, E. D. and Marin, Y. and Visaez, F. and Hern{\'{a}}ndez E., J. V.},
    number = {7},
    pages = {457--464},
    volume = {40}
}

@article{Vangkilde-Pedersen2009AssessingProject,
    title = {{Assessing European capacity for geological storage of carbon dioxide-the EU GeoCapacity project}},
    year = {2009},
    journal = {Energy Procedia},
    author = {Vangkilde-Pedersen, Thomas and Anthonsen, Karen Lyng and Smith, Nikki and Kirk, Karen and neele, Filip and van der Meer, Bert and Le Gallo, Yann and Bossie-Codreanu, Dan and Wojcicki, Adam and Le Nindre, Yves Michel and Hendriks, Chris and Dalhoff, Finn and Peter Christensen, Niels},
    number = {1},
    pages = {2663--2670},
    volume = {1},
    publisher = {Elsevier},
    isbn = {1876-6102},
    doi = {10.1016/j.egypro.2009.02.034},
    issn = {18766102}
}

@article{Dixon1993ConservationPractices,
    title = {{Conservation and sequestration of carbon: The potential of forest and agroforest management practices}},
    year = {1993},
    journal = {Global Environmental Change},
    author = {Dixon, Robert K and Winjum, Jack K and Schroeder, Paul E},
    number = {2},
    month = {6},
    pages = {159--173},
    volume = {3},
    doi = {https://doi.org/10.1016/0959-3780(93)90004-5},
    issn = {0959-3780}
}

@article{Vaughan2011AProposals,
    title = {{A review of climate geoengineering proposals}},
    year = {2011},
    journal = {Climatic Change},
    author = {Vaughan, N E and Lenton, T M},
    number = {3-4},
    pages = {745--790},
    volume = {109},
    isbn = {0165-0009},
    doi = {10.1007/s10584-011-0027-7},
    language = {English}
}

@article{Rhodes2005EngineeringStorage,
    title = {{Engineering economic analysis of biomass IGCC with carbon capture and storage}},
    year = {2005},
    journal = {Biomass and Bioenergy},
    author = {Rhodes, James S. and Keith, David W.},
    number = {6},
    month = {12},
    pages = {440--450},
    volume = {29},
    doi = {10.1016/j.biombioe.2005.06.007},
    issn = {09619534}
}

@article{Nordhaus1991TheSurvey,
    title = {{The Cost of Slowing Climate Change: a Survey}},
    year = {1991},
    journal = {The Energy Journal},
    author = {Nordhaus, William D},
    number = {1},
    pages = {37--65},
    volume = {12},
    publisher = {International Association for Energy Economics},
    issn = {01956574, 19449089}
}

@article{Jaju2016OptimalOverview,
    title = {{Optimal aquifers and reservoirs for CCS and EOR in the Kingdom of Saudi Arabia: an overview}},
    year = {2016},
    journal = {Arabian Journal of Geosciences},
    author = {Jaju, M. M. and Nader, F. H. and Roure, F. and Matenco, L.},
    number = {12},
    month = {8},
    pages = {604},
    volume = {9},
    publisher = {Springer Berlin Heidelberg},
    doi = {10.1007/s12517-016-2600-x},
    issn = {1866-7511}
}

@article{Barkakaty2017EmergingCarbon,
    title = {{Emerging materials for lowering atmospheric carbon}},
    year = {2017},
    journal = {Environmental Technology {\&} Innovation},
    author = {Barkakaty, Balaka and Sumpter, Bobby G and Ivanov, Ilia N and Potter, Matthew E and Jones, Christopher W and Lokitz, Bradley S},
    month = {7},
    pages = {30--43},
    volume = {7}
}

@incollection{Clarke2014AssessingPathways,
    title = {{Assessing transformation pathways}},
    year = {2014},
    booktitle = {Climate Change 2014: Mitigation of Climate Change. Contribution of Working Group III to the Fifth Assessment Report of the Intergovernmental Panel on Climate Change},
    author = {Clarke, L. and Jiang, K. and Akimoto, K. and Babiker, M. and Blanford, G. and Fisher-Vanden, K. and Hourcade, J.-C. and Krey, V. and Kriegler, E. and L{\"{o}}schel, A. and McCollum, D. and Paltsev, S. and Rose, S. and Shukla, P.R. and Tavoni, M. and van der Zwaan, B. and van Vuuren, D.P.},
    editor = {Edenhofer, O., R. Pichs-Madruga, Y. Sokona, E. Farahani, S. Kadner, K. Seyboth, A. Adler, I. Baum, S. Brunner, P. Eickemeier, B. Kriemann, J. Savolainen, S. Schl{\"{o}}mer, C. von Stechow, T. Zwickel and J.C. Minx (eds.)},
    chapter = {6},
    pages = {413--510},
    publisher = {Cambridge University Press},
    address = {Cambridge}
}

@article{Fornell2013Techno-economicEther,
    title = {{Techno-economic analysis of a kraft pulp-mill-based biorefinery producing both ethanol and dimethyl ether}},
    year = {2013},
    journal = {Energy},
    author = {Fornell, Rickard and Berntsson, Thore and {\AA}sblad, Anders},
    number = {1},
    pages = {83--92},
    volume = {50},
    publisher = {Elsevier Ltd},
    doi = {10.1016/j.energy.2012.11.041},
    issn = {03605442}
}

@article{Deng2017AAfforestation,
    title = {{A global meta-analysis of soil phosphorus dynamics after afforestation}},
    year = {2017},
    journal = {New Phytologist},
    author = {Deng, Qi and McMahon, Devin E and Xiang, Yangzhou and Yu, Chih-Li and Jackson, Robert B and Hui, Dafeng},
    number = {1},
    pages = {181--192},
    volume = {213},
    doi = {10.1111/nph.14119},
    issn = {1469-8137}
}

@article{Smith2013HowGoals,
    title = {{How much land-based greenhouse gas mitigation can be achieved without compromising food security and environmental goals?}},
    year = {2013},
    journal = {Global Change Biology},
    author = {Smith, Pete and Haberl, Helmut and Popp, Alexander and Erb, Karl-heinz and Lauk, Christian and Harper, Richard and Tubiello, Francesco N. and de Siqueira Pinto, Alexandre and Jafari, Mostafa and Sohi, Saran and Masera, Omar and B{\"{o}}ttcher, Hannes and Berndes, Göran and Bustamante, Mercedes and Ahammad, Helal and Clark, Harry and Dong, Hongmin and Elsiddig, Elnour A. and Mbow, Cheikh and Ravindranath, Nijavalli H. and Rice, Charles W. and Robledo Abad, Carmenza and Romanovskaya, Anna and Sperling, Frank and Herrero, Mario and House, Joanna I. and Rose, Steven},
    number = {8},
    month = {8},
    pages = {2285--2302},
    volume = {19},
    doi = {10.1111/gcb.12160},
    issn = {13541013}
}

@article{Mortensen2016CharacterizationSweden,
    title = {{Characterization and estimation of CO2 storage capacity for the most prospective aquifers in Sweden}},
    year = {2016},
    journal = {Energy Procedia},
    author = {Mortensen, G. M. and Bergmo, P. E.S. and Emmel, B. U.},
    pages = {352--360},
    volume = {86},
    publisher = {Elsevier B.V.},
    isbn = {18766102 (ISSN)},
    doi = {10.1016/j.egypro.2016.01.036},
    issn = {18766102}
}

@article{Luckow2010Large-scaleScenarios,
    title = {{Large-scale utilization of biomass energy and carbon dioxide capture and storage in the transport and electricity sectors under stringent CO2 concentration limit scenarios}},
    year = {2010},
    journal = {International Journal of Greenhouse Gas Control},
    author = {Luckow, P. and Wise, M.A. and Dooley, J.J. and Kim, S.H.},
    number = {5},
    month = {9},
    pages = {865--877},
    volume = {4},
    doi = {10.1016/j.ijggc.2010.06.002},
    issn = {17505836}
}

@article{Wang2012AirAssessment,
    title = {{Air quality enhancement zones in Taiwan: A carbon reduction benefit assessment}},
    year = {2012},
    journal = {Forest Policy and Economics},
    author = {Wang, Yi-Chung and Lin, Jiunn-Cheng},
    month = {10},
    pages = {40--45},
    volume = {23},
    doi = {https://doi.org/10.1016/j.forpol.2012.07.009},
    issn = {1389-9341}
}

@incollection{Lee2013SmokelessChange,
    title = {{Smokeless Biomass Pyrolysis for Producing Biofuels and Biochar as a Possible Arsenal to Control Climate Change}},
    year = {2013},
    booktitle = {Advanced Biofuels and Bioproducts},
    author = {Lee, James Weifu and Day, Danny M},
    pages = {23--34},
    publisher = {Springer, New York, NY},
    isbn = {978-1-4614-3347-7 978-1-4614-3348-4},
    language = {en}
}

@article{Canadell2008ManagingMitigation,
    title = {{Managing Forests for Climate Change Mitigation}},
    year = {2008},
    journal = {Science},
    author = {Canadell, J.G. and Raupach, M.R.},
    number = {5882},
    pages = {1456--1457},
    volume = {320},
    doi = {10.1126/science.1155458},
    issn = {0036-8075, 1095-9203}
}

@article{Haim2016AgriculturePrograms,
    title = {{Agriculture Afforestation for Carbon Sequestration Under Carbon Markets in the United States: Leakage Behavior from Regional Allowance Programs}},
    year = {2016},
    journal = {Applied Economic Perspectives and Policy},
    author = {Haim, David and White, Eric M and Alig, Ralph J},
    number = {1},
    month = {3},
    pages = {132--151},
    volume = {38},
    issn = {2040-5790}
}

@article{Gale2001Coal-bedPotential,
    title = {{Coal-bed methane enhancement with CO2 sequestration worldwide potential}},
    year = {2001},
    journal = {Environmental Geosciences},
    author = {Gale, John and Freund, Paul},
    number = {3},
    pages = {210--217},
    volume = {8},
    isbn = {10759565},
    doi = {10.1046/1526-0984.2001.008003210.x},
    issn = {10759565},
    pmid = {5145745}
}

@article{Barbarossa2014CO2Synthesis,
    title = {{CO2 as carbon source for fuel synthesis}},
    year = {2014},
    journal = {Energy Procedia},
    author = {Barbarossa, Vincenzo and Vanga, Giuseppina and Viscardi, Rosanna and Gattia, Daniele Mirabile},
    pages = {1325–1329},
    volume = {45}
}

@article{Sanz-Perez2016DirectAirb,
    title = {{Direct Capture of CO2 from Ambient Air}},
    year = {2016},
    journal = {Chemical Reviews},
    author = {Sanz-P{\'{e}}rez, Eloy S and Murdock, Christopher R and Didas, Stephanie A and Jones, Christopher W},
    number = {19},
    month = {10},
    pages = {11840--11876},
    volume = {116},
    publisher = {American Chemical Society},
    doi = {10.1021/acs.chemrev.6b00173},
    issn = {0009-2665}
}

@article{Barker1995PotentialStates,
    title = {{Potential Carbon Benefits of the Conservation Reserve Program in the United States}},
    year = {1995},
    journal = {Journal of Biogeography},
    author = {Barker, Jerry R and Baumgardner, Greg A and Turner, David P and Lee, Jeffrey J},
    number = {4/5},
    pages = {743--751},
    volume = {22},
    publisher = {Wiley},
    doi = {10.2307/2845976},
    issn = {03050270, 13652699}
}

@article{Creutzig2016EconomicEmissions,
    title = {{Economic and ecological views on climate change mitigation with bioenergy and negative emissions}},
    year = {2016},
    journal = {GCB Bioenergy},
    author = {Creutzig, Felix},
    number = {1},
    month = {1},
    pages = {4--10},
    volume = {8},
    doi = {10.1111/gcbb.12235},
    issn = {1757-1707}
}

@article{Huang2016AmbientTreatment,
    title = {{Ambient CO 2 capture and storage in bioelectrochemically mediated wastewater treatment}},
    year = {2016},
    journal = {Bioresource technology},
    author = {Huang, Zhe and Jiang, Daqian and Lu, Lu and Ren, Zhiyong Jason},
    pages = {380–385},
    volume = {215}
}

@article{Myers1991TropicalResponse,
    title = {{Tropical forests and the greenhouse effect: A management response}},
    year = {1991},
    journal = {Climatic Change},
    author = {Myers, Norman and Goreau, Thomas J},
    number = {1},
    pages = {215--225},
    volume = {19},
    doi = {10.1007/BF00142229},
    issn = {1573-1480}
}

@article{Roberts2010LifePotential,
    title = {{Life Cycle Assessment of Biochar Systems: Estimating the Energetic, Economic, and Climate Change Potential}},
    year = {2010},
    journal = {Environmental Science {\&} Technology},
    author = {Roberts, Kelli G and Gloy, Brent A and Joseph, Stephen and Scott, Norman R and Lehmann, Johannes},
    number = {2},
    month = {7},
    pages = {827--833},
    volume = {44},
    doi = {10.1021/es902266r},
    issn = {0013-936X, 1520-5851},
    language = {en}
}

@article{Wang2016BiocharEffects,
    title = {{Biochar stability in soil: Meta-analysis of decomposition and priming effects}},
    year = {2016},
    journal = {GCB Bioenergy},
    author = {Wang, Jinyang and Xiong, Zhengqin and Kuzyakov, Yakov},
    number = {3},
    month = {7},
    pages = {512--523},
    volume = {8},
    isbn = {17571693 (ISSN)},
    doi = {10.1111/gcbb.12266},
    issn = {17571707},
    language = {en}
}

@article{McGlashan2012High-levelTechnologies,
    title = {{High-level techno-economic assessment of negative emissions technologies}},
    year = {2012},
    journal = {Process Safety and Environmental Protection},
    author = {McGlashan, Niall and Shah, Nilay and Caldecott, Ben and Workman, Mark},
    number = {6},
    month = {11},
    pages = {501--510},
    volume = {90},
    publisher = {Institution of Chemical Engineers},
    doi = {10.1016/j.psep.2012.10.004},
    issn = {09575820}
}

@article{Cheng2016StandTaiwan,
    title = {{Stand development and aboveground biomass carbon accumulation with cropland afforestation in Taiwan}},
    year = {2016},
    journal = {Taiwan Journal of Forest Science},
    author = {Cheng, Chih Hsin and Huang, Yu Hsuan and Menyailo, Oleg V. and Chen, Chien Teh},
    number = {2},
    pages = {105--118},
    volume = {31},
    issn = {10264469}
}

@article{Smeets2007A2050,
    title = {{A bottom-up assessment and review of global bio-energy potentials to 2050}},
    year = {2007},
    journal = {Progress in Energy and Combustion Science},
    author = {Smeets, Edward M W and Faaij, André P C and Lewandowski, Iris M. and Turkenburg, Wim C.},
    number = {1},
    pages = {56--106},
    volume = {33},
    isbn = {0360-1285},
    doi = {10.1016/j.pecs.2006.08.001},
    issn = {03601285},
    pmid = {254}
}

@article{Dixon1994IntegratedSequestration,
    title = {{Integrated land-use systems: Assessment of promising agroforest and alternative land-use practices to enhance carbon conservation and sequestration}},
    year = {1994},
    journal = {Climatic Change},
    author = {Dixon, Robert K and Winjum, Jack K and Andrasko, Kenneth J and Lee, Jeffrey J and Schroeder, Paul E},
    number = {1},
    pages = {71--92},
    volume = {27},
    doi = {10.1007/BF01098474},
    issn = {1573-1480}
}

@book{TheRoyalSociety2009GeoengineeringUncertainty,
    title = {{Geoengineering the climate: science, governance and uncertainty}},
    year = {2009},
    booktitle = {Clean Technologies and Environmental Policy},
    author = {{The Royal Society}},
    number = {September},
    pages = {1--5},
    isbn = {9780854037735},
    doi = {10.1007/s10098-010-0287-3},
    issn = {1618954X},
    pmid = {16973840}
}

@article{vonderAssen2013Life-cyclePitfalls,
    title = {{Life-cycle assessment of carbon dioxide capture and utilization: avoiding the pitfalls}},
    year = {2013},
    journal = {Energy {\&} Environmental Science},
    author = {von der Assen, Niklas and Jung, Johannes and Bardow, Andre},
    number = {9},
    pages = {2721--2734},
    volume = {6},
    publisher = {The Royal Society of Chemistry},
    doi = {10.1039/C3EE41151F},
    issn = {1754-5692}
}

@article{Williamson2016EmissionsMethods,
    title = {{Emissions reduction: Scrutinize CO2 removal methods}},
    year = {2016},
    journal = {Nature},
    author = {Williamson, Phil},
    number = {153},
    month = {2},
    pages = {5--7},
    volume = {530},
    isbn = {9788578110796},
    doi = {10.1038/530153a},
    issn = {0028-0836},
    pmid = {25246403}
}

@article{Fuss2016ResearchEmissions,
    title = {{Research priorities for negative emissions}},
    year = {2016},
    journal = {Environmental Research Letters},
    author = {Fuss, S. and Jones, C. D. and Kraxner, F. and Peters, G. P. and Smith, P. and Tavoni, M. and van Vuuren, D. P. and Canadell, J. G. and Jackson, R. B. and Milne, J. and Moreira, J. R. and Nakicenovic, N. and Sharifi, A. and Yamagata, Y.},
    number = {11},
    month = {11},
    pages = {115007},
    volume = {11},
    publisher = {IOP Publishing},
    isbn = {1748-9326},
    doi = {10.1088/1748-9326/11/11/115007},
    issn = {1748-9326}
}

@article{Arora2011SmallEfforts,
    title = {{Small temperature benefits provided by realistic afforestation efforts}},
    year = {2011},
    journal = {Nature Geoscience},
    author = {Arora, V K and Montenegro, A},
    number = {8},
    pages = {514--518},
    volume = {4},
    isbn = {1752-0894},
    doi = {10.1038/Ngeo1182},
    language = {English}
}

@article{Holloway2009StorageShelf,
    title = {{Storage capacity and containment issues for carbon dioxide capture and geological storage on the UK continental shelf}},
    year = {2009},
    journal = {Proceedings of the Institution of Mechanical Engineers Part A Journal of Power and Energy},
    author = {Holloway, S},
    number = {3},
    pages = {239--248},
    volume = {223},
    isbn = {0957-6509},
    doi = {10.1243/09576509JPE650},
    issn = {0957-6509}
}

@article{Brandani2012CarbonAnalysis,
    title = {{Carbon dioxide capture from air: a simple analysis}},
    year = {2012},
    journal = {Energy {\&} Environment},
    author = {Brandani, Stefano},
    number = {2-3},
    pages = {319–328},
    volume = {23}
}

@article{Movagharnejad2012PreliminaryIran,
    title = {{Preliminary country-scale assessment of carbon dioxide storage potential in Iran}},
    year = {2012},
    journal = {Greenhouse Gases: Science and Technology},
    author = {Movagharnejad, Kamyar and Emamgholivand, Azadeh and Mousavi, Hamed and Kordkheili, Masoud Sheikhi},
    number = {3},
    month = {6},
    pages = {151--161},
    volume = {2},
    publisher = {John Wiley {\&} Sons, Ltd.},
    doi = {10.1002/ghg.1288},
    issn = {21523878}
}

@article{Thran2010GlobalResults,
    title = {{Global biomass potentials - Resources, drivers and scenario results}},
    year = {2010},
    journal = {Energy for Sustainable Development},
    author = {Thr{\"{a}}n, Daniela and Seidenberger, Thilo and Zeddies, Jürgen and Offermann, Ruth},
    number = {3},
    pages = {200--205},
    volume = {14},
    isbn = {0973-0826},
    doi = {10.1016/j.esd.2010.07.004},
    issn = {09730826}
}

@article{Lomax2015ReframingTechnologies,
    title = {{Reframing the policy approach to greenhouse gas removal technologies}},
    year = {2015},
    journal = {Energy Policy},
    author = {Lomax, Guy and Workman, Mark and Lenton, Timothy and Shah, Nilay},
    month = {7},
    pages = {125--136},
    volume = {78},
    doi = {10.1016/j.enpol.2014.10.002},
    issn = {0301-4215}
}

@article{Ranjan2011FeasibilityCapture,
    title = {{Feasibility of air capture}},
    year = {2011},
    journal = {Energy Procedia},
    author = {Ranjan, Manya and Herzog, Howard J.},
    pages = {2869--2876},
    volume = {4},
    doi = {10.1016/j.egypro.2011.02.193},
    issn = {18766102}
}

@article{Strefler2017SupplyRocks,
    title = {{Supply curves for carbon dioxide removal by enhanced weathering of rocks}},
    year = {2017},
    journal = {Environmental Research Letters},
    author = {Strefler, Jessica and Bauer, Nico and Amann, Thorben and Kriegler, Elmar and Hartmann, Jens},
    volume = {submitted}
}

@article{Carswell2015RestrictingZealand,
    title = {{Restricting new forests to conservation lands severely constrains carbon and biodiversity gains in New Zealand}},
    year = {2015},
    journal = {Biological Conservation},
    author = {Carswell, Fiona E and Mason, Norman W H and Overton, Jacob McC. and Price, Robbie and Burrows, Lawrence E and Allen, Robert B},
    month = {1},
    pages = {206--218},
    volume = {181},
    doi = {https://doi.org/10.1016/j.biocon.2014.11.002},
    issn = {0006-3207}
}

@incollection{Diaz2009IncorporatingInitiatives,
    title = {{Incorporating biodiversity in climate change mitigation initiatives}},
    year = {2009},
    booktitle = {Biodiversity, Ecosystem Functioning, and Human Wellbeing},
    author = {D{\'{i}}az, Sandra and Wardle, David A and Hector, Andy},
    publisher = {Oxford University Press},
    address = {Oxford},
    isbn = {9780199547951},
    doi = {10.1093/acprof:oso/9780199547951.003.0011},
    language = {eng}
}

@article{Smith2016SoilTechnologies,
    title = {{Soil carbon sequestration and biochar as negative emission technologies}},
    year = {2016},
    journal = {Global Change Biology},
    author = {Smith, Pete},
    month = {1},
    pages = {n/a-n/a},
    doi = {10.1111/gcb.13178},
    issn = {1365-2486},
    language = {en}
}

@article{Parker2000ThirdOntario,
    title = {{Third Millennium Forestry: What climate change might mean to forests and forest management in Ontario}},
    year = {2000},
    journal = {The Forestry Chronicle},
    author = {Parker, William C and Colombo, Stephen J and Cherry, Marilyn L and Greifenhagen, Sylvia and Papadopol, Chris and Flannigan, Michael D and McAlpine, Robert S and Scarr, Taylor},
    number = {3},
    month = {6},
    pages = {445--463},
    volume = {76},
    publisher = {Canadian Institute of Forestry},
    doi = {10.5558/tfc76445-3},
    issn = {0015-7546}
}

@article{Hall2012Trade-offsLandscapes,
    title = {{Trade-offs between tree cover, carbon storage and floristic biodiversity in reforesting landscapes}},
    year = {2012},
    journal = {Landscape Ecology},
    author = {Hall, Jaclyn M and Van Holt, Tracy and Daniels, Amy E and Balthazar, Vincent and Lambin, Eric F},
    number = {8},
    pages = {1135--1147},
    volume = {27},
    doi = {10.1007/s10980-012-9755-y},
    issn = {1572-9761}
}

@article{Strengers2008TheCosts,
    title = {{The role of carbon plantations in mitigating climate change: potentials and costs}},
    year = {2008},
    journal = {Climatic Change},
    author = {Strengers, Bart J and Van Minnen, Jelle G and Eickhout, Bas},
    number = {3},
    pages = {343--366},
    volume = {88},
    doi = {10.1007/s10584-007-9334-4},
    issn = {1573-1480}
}

@article{Qin2015RecentCopolymers,
    title = {{Recent advances in carbon dioxide based copolymers}},
    year = {2015},
    journal = {Journal of CO2 Utilization},
    author = {Qin, Yusheng and Sheng, Xingfeng and Liu, Shunjie and Ren, Guanjie and Wang, Xianhong and Wang, Fosong},
    pages = {3--9},
    volume = {11},
    doi = {http://dx.doi.org/10.1016/j.jcou.2014.10.003},
    issn = {2212-9820}
}

@article{Moore2010EfficacyRise,
    title = {{Efficacy of geoengineering to limit 21st century sea-level rise}},
    year = {2010},
    journal = {Proceedings of the National Academy of Sciences},
    author = {Moore, J C and Jevrejeva, S and Grinsted, A},
    number = {36},
    pages = {15699--15703},
    volume = {107},
    doi = {10.1073/pnas.1008153107},
    issn = {0027-8424, 1091-6490},
    language = {en}
}

@article{Houghton2015ACO2,
    title = {{A role for tropical forests in stabilizing atmospheric CO2}},
    year = {2015},
    journal = {Nature Clim. Change},
    author = {Houghton, R A and Byers, Brett and Nassikas, Alexander A},
    number = {12},
    month = {12},
    pages = {1022--1023},
    volume = {5},
    publisher = {Nature Publishing Group, a division of Macmillan Publishers Limited. All Rights Reserved.},
    issn = {1758-678X}
}

@article{BERINGER2011BioenergyConstraints,
    title = {{Bioenergy production potential of global biomass plantations under environmental and agricultural constraints}},
    year = {2011},
    journal = {GCB Bioenergy},
    author = {BERINGER, TIM and LUCHT, WOLFGANG and SCHAPHOFF, SIBYLL},
    number = {4},
    month = {8},
    pages = {299--312},
    volume = {3},
    doi = {10.1111/j.1757-1707.2010.01088.x},
    issn = {17571693}
}

@article{Wear2015FromFutures,
    title = {{From sink to source: Regional variation in U.S. forest carbon futures}},
    year = {2015},
    author = {Wear, David N and Coulston, John W},
    month = {11},
    pages = {16518},
    volume = {5},
    publisher = {The Author(s)}
}

@article{Bringezu2014CarbonSupply,
    title = {{Carbon Recycling for renewable materials and energy supply}},
    year = {2014},
    journal = {Journal of Industrial Ecology},
    author = {Bringezu, Stefan},
    number = {3},
    pages = {327–340},
    volume = {18}
}

@article{Kim2016EstimationKorea,
    title = {{Estimation of future carbon budget with climate change and reforestation scenario in North Korea}},
    year = {2016},
    journal = {Advances in Space Research},
    author = {Kim, Damin and Lim, Chul-Hee and Song, Cholho and Lee, Woo-Kyun and Piao, Dongfan and Heo, Seongbong and Jeon, Seongwoo},
    number = {6},
    pages = {1002--1016},
    volume = {58},
    doi = {http://dx.doi.org/10.1016/j.asr.2016.05.049},
    issn = {0273-1177}
}

@article{Jones2015AccountingScenarios,
    title = {{Accounting for radiative forcing from albedo change in future global land-use scenarios}},
    year = {2015},
    journal = {Climatic Change},
    author = {Jones, Andrew D. and Calvin, Katherine V. and Collins, William D. and Edmonds, James},
    number = {4},
    month = {8},
    pages = {691--703},
    volume = {131},
    publisher = {Springer Netherlands},
    isbn = {0165-0009},
    doi = {10.1007/s10584-015-1411-5},
    issn = {0165-0009}
}

@article{Spracklen2016CarbonEcuador,
    title = {{Carbon storage and sequestration of re-growing montane forests in southern Ecuador}},
    year = {2016},
    journal = {Forest Ecology and Management},
    author = {Spracklen, Dominick V and Righelato, Renton},
    month = {3},
    pages = {139--144},
    volume = {364},
    doi = {https://doi.org/10.1016/j.foreco.2016.01.001},
    issn = {0378-1127}
}

@article{Lauri2014Woody2050,
    title = {{Woody biomass energy potential in 2050}},
    year = {2014},
    journal = {Energy Policy},
    author = {Lauri, Pekka and Havl{\'{i}}k, Petr and Kindermann, Georg and Forsell, Nicklas and B{\"{o}}ttcher, Hannes and Obersteiner, Michael},
    pages = {19--31},
    volume = {66},
    publisher = {Elsevier},
    isbn = {0301-4215},
    doi = {10.1016/j.enpol.2013.11.033},
    issn = {03014215}
}

@article{Viger2015MoreBiochar,
    title = {{More plant growth but less plant defence? First global gene expression data for plants grown in soil amended with biochar}},
    year = {2015},
    journal = {GCB Bioenergy},
    author = {Viger, Maud and Hancock, Robert D and Miglietta, Franco and Taylor, Gail},
    number = {4},
    month = {7},
    pages = {658--672},
    volume = {7},
    doi = {10.1111/gcbb.12182},
    issn = {1757-1707},
    language = {en}
}

@article{Ishimoto2017PuttingContext,
    title = {{Putting Costs of Direct Air Capture in Context}},
    year = {2017},
    author = {Ishimoto, Yuki and Sugiyama, Masahiro and Kato, Etsushi and Moriyama, Ryo and Tsuzuki, Kazuhiro and Kurosawa, Atsushi}
}

@article{Arasto2014Bio-CCS:Solutions,
    title = {{Bio-CCS: Feasibility comparison of large scale carbon-negative solutions}},
    year = {2014},
    journal = {Energy Procedia},
    author = {Arasto, Antti and Onarheim, Kristin and Tsupari, Eemeli and K{\"{a}}rki, Janne},
    pages = {6756--6769},
    volume = {63},
    publisher = {Elsevier B.V.},
    isbn = {1876-6102},
    doi = {10.1016/j.egypro.2014.11.711},
    issn = {18766102}
}

@article{IEAGreenhouseGasRDProgramme2000BarriersPH3/22,
    title = {{Barriers to Overcome in Implementation of CO2 Capture and Storage (1) Storage in Disused Oil and Gas Fields. Report Number PH3/22}},
    year = {2000},
    author = {{IEA Greenhouse Gas R{\&}D Programme}},
    number = {February},
    isbn = {PH3/22},
    doi = {PH3/22}
}

@article{Abanades2011BiomassEconomics,
    title = {{Biomass combustion with in situ CO2 capture with CaO. I. process description and economics}},
    year = {2011},
    journal = {Industrial and Engineering Chemistry Research},
    author = {Abanades, Juan C. and Alonso, Mónica and Rodr{\'{i}}guez, Nuria},
    number = {11},
    pages = {6972--6981},
    volume = {50},
    isbn = {0888-5885},
    doi = {10.1021/ie102353s},
    issn = {08885885}
}

@incollection{Rogner2012EnergyPotentials,
    title = {{Energy Resources and Potentials}},
    year = {2012},
    booktitle = {Global Energy Assessment - Toward a Sustainable Future},
    author = {Rogner, H.-H. and Aguilera, R. F. and Archer, C. and Bertani, R. and Bhattacharya, S. C. and Dusseault, M. B. and Gagnon, L. and Haberl, H. and Hoogwijk, M. and Johnson, A. and Rogner, M. L. and Wagner, H. and Yakushev, V.},
    chapter = {7},
    pages = {423--512},
    publisher = {Cambridge University Press},
    address = {Cambridge}
}

@article{Haberl2011GlobalYields,
    title = {{Global bioenergy potentials from agricultural land in 2050: Sensitivity to climate change, diets and yields}},
    year = {2011},
    journal = {Biomass and Bioenergy},
    author = {Haberl, Helmut and Erb, Karl Heinz and Krausmann, Fridolin and Bondeau, Alberte and Lauk, Christian and M{\"{u}}ller, Christoph and Plutzar, Christoph and Steinberger, Julia K.},
    number = {12},
    pages = {4753--4769},
    volume = {35},
    isbn = {0961-9534},
    doi = {10.1016/j.biombioe.2011.04.035},
    issn = {09619534},
    pmid = {22211004}
}

@article{Jackson2008ProtectingForests,
    title = {{Protecting climate with forests}},
    year = {2008},
    journal = {Environmental Research Letters},
    author = {Jackson, R.B. and Randerson, J.T. and Canadell, J.G. and Anderson, R.G. and Avissar, R. and Baldocchi, D.D. and Bonan, G.B. and Caldeira, K. and Diffenbaugh, N.S. and Field, C.B. and {others}},
    number = {4},
    pages = {044006},
    volume = {3},
    issn = {1748-9326}
}

@article{HASSANI2016SimulationStudy,
    title = {{Simulation of CO2 injection in Asmari reservoir for EOR and Sequestration, and investigation of effective operational parameters: Case Study}},
    year = {2016},
    journal = {Petroleum Research},
    author = {HASSANI, NASER and SEDAEESOLA, BEHNAM and JALALI, FARHANG and MIRAZIMI, SEYEDAMIR and KARAMI, MEHRAN},
    number = {85-2},
    pages = {4--14},
    volume = {25},
    publisher = {PETROLEUM RESEARCH}
}

@article{Lenton2010TheConcentration,
    title = {{The potential for land-based biological CO2 removal to lower future atmospheric CO2 concentration}},
    year = {2010},
    journal = {Carbon Management},
    author = {Lenton, Timothy M},
    number = {1},
    month = {10},
    pages = {145--160},
    volume = {1},
    publisher = {Taylor {\&} Francis},
    doi = {10.4155/cmt.10.12},
    issn = {1758-3004}
}

@article{Liu2008EcologicalServices,
    title = {{Ecological and socioeconomic effects of China's policies for ecosystem services}},
    year = {2008},
    journal = {Proceedings of the National Academy of Sciences },
    author = {Liu, Jianguo and Li, Shuxin and Ouyang, Zhiyun and Tam, Christine and Chen, Xiaodong},
    number = {28 },
    month = {7},
    pages = {9477--9482},
    volume = {105 },
    doi = {10.1073/pnas.0706436105}
}

@article{Fischer2001Global2050,
    title = {{Global bioenergy potentials through 2050}},
    year = {2001},
    journal = {Biomass and Bioenergy},
    author = {Fischer, Günther and Schrattenholzer, Leo},
    number = {3},
    pages = {151--159},
    volume = {20},
    isbn = {0961-9534},
    doi = {10.1016/S0961-9534(00)00074-X},
    issn = {09619534},
    pmid = {104}
}

@article{Pielke2009AnPolicy,
    title = {{An idealized assessment of the economics of air capture of carbon dioxide in mitigation policy}},
    year = {2009},
    journal = {environmental science {\&} policy},
    author = {Pielke, Roger A.},
    number = {3},
    pages = {216–225},
    volume = {12}
}

@article{Cannell2002CarbonUK,
    title = {{Carbon sequestration and biomass energy offset: Theoretical, potential and achievable capacities globally, in Europe and the UK}},
    year = {2002},
    journal = {Biomass and Bioenergy},
    author = {Cannell, Melvin G R},
    number = {2},
    pages = {97--116},
    volume = {24},
    isbn = {0961-9534},
    doi = {10.1016/S0961-9534(02)00103-4},
    issn = {09619534}
}

@article{Thomson2008IntegratedSequestration,
    title = {{Integrated estimates of global terrestrial carbon sequestration}},
    year = {2008},
    journal = {Global Environmental Change},
    author = {Thomson, A.M. and C{\'{e}}sar Izaurralde, R. and Smith, S.J. and Clarke, L.},
    number = {1},
    month = {2},
    pages = {192--203},
    volume = {18},
    doi = {16/j.gloenvcha.2007.10.002},
    issn = {0959-3780}
}

@article{Mollersten2006CO2Assessment,
    title = {{CO2 Capture in Pulp and Paper Mills: CO2 Balances and Preliminary Cost Assessment}},
    year = {2006},
    journal = {Mitigation and Adaptation Strategies for Global Change},
    author = {M{\"{o}}llersten, Kenneth and Gao, Lin and Yan, Jinyue},
    number = {5-6},
    month = {9},
    pages = {1129--1150},
    volume = {11},
    publisher = {Springer Netherlands},
    doi = {10.1007/s11027-006-9026-9},
    issn = {1381-2386}
}

@misc{Kuuskraa1992COALBEDJournal,
    title = {{COALBED GAS-1 HUNT FOR QUALITY BASINS GOES ABROAD - Oil {\&}amp; Gas Journal}},
    year = {1992},
    booktitle = {Oil and Gas Journal},
    author = {Kuuskraa, Velo A. and Boyer, Charles M. and Kelafant, Jonathan A}
}

@article{Sanchez2016OptimalFacilities,
    title = {{Optimal scale of carbon-negative energy facilities}},
    year = {2016},
    journal = {Applied Energy},
    author = {Sanchez, Daniel L. and Callaway, Duncan S.},
    pages = {437--444},
    volume = {170},
    publisher = {Elsevier Ltd},
    doi = {10.1016/j.apenergy.2016.02.134},
    issn = {03062619}
}

@article{Xu2010BiomassRelationships,
    title = {{Biomass carbon stocks in China’s forests between 2000 and 2050: A prediction based on forest biomass-age relationships}},
    year = {2010},
    journal = {Science China Life Sciences},
    author = {Xu, Bing and Guo, ZhaoDi and Piao, ShiLong and Fang, JingYun},
    number = {7},
    pages = {776--783},
    volume = {53},
    doi = {10.1007/s11427-010-4030-4},
    issn = {1869-1889}
}

@article{Houghton1993CurrentCarbon,
    title = {{Current land cover in the tropics and its potential for sequestering carbon}},
    year = {1993},
    journal = {Global Biogeochemical Cycles},
    author = {Houghton, R A and Unruh, J D and Lefebvre, P A},
    number = {2},
    month = {6},
    pages = {305--320},
    volume = {7},
    doi = {10.1029/93GB00470},
    issn = {1944-9224}
}

@article{Burschel1993PresentIncrease,
    title = {{Present role of German forests and forestry in the national carbon budget and options to its increase}},
    year = {1993},
    journal = {Water, Air, and Soil Pollution},
    author = {Burschel, P and K{\"{U}}rsten, E and Larson, B C and Weber, M},
    number = {1},
    pages = {325--340},
    volume = {70},
    doi = {10.1007/BF01105005},
    issn = {1573-2932}
}

@article{Yamagata2001WouldActivities,
    title = {{Would forestation alleviate the burden of emission reduction? An assessment of the future carbon sink from ARD activities}},
    year = {2001},
    journal = {Climate Policy},
    author = {Yamagata, Yoshiki and Alexandrov, Georgii A},
    number = {1},
    month = {1},
    pages = {27--40},
    volume = {1},
    publisher = {Taylor {\&} Francis},
    doi = {10.3763/cpol.2001.0104},
    issn = {1469-3062}
}

@article{Gale2004UsingSequestration,
    title = {{Using Coal Seams for Co 2 Sequestration}},
    year = {2004},
    journal = {Geologica Belgica},
    author = {Gale, John J.},
    pages = {99--103}
}

@article{Lackner2009CaptureAir,
    title = {{Capture of carbon dioxide from ambient air}},
    year = {2009},
    journal = {The European physical journal-special topics},
    author = {Lackner, Klaus S.},
    number = {1},
    pages = {93–106},
    volume = {176}
}

@article{Johnson2014HowModeling,
    title = {{How negative can biofuels with CCS take us and at what cost? Refining the economic potential of biofuel production with CCS using spatially-explicit modeling}},
    year = {2014},
    journal = {Energy Procedia},
    author = {Johnson, Nils and Parker, Nathan and Ogden, Joan},
    pages = {6770--6791},
    volume = {63},
    doi = {10.1016/j.egypro.2014.11.712},
    issn = {18766102}
}